2062 3020
163 212 212 265 148
348 211 498 265 FAERNI
529 209 721 266 FABULAE.

162 320 277 391 speeiem
287 317 440 390 ampliorem
452 319 572 379 carnium
583 319 629 374 illa
642 319 768 383 redderet,

161 411 255 450 verum
265 398 344 465 atque
352 402 452 448 eertum
461 394 603 465 opsonium
613 394 646 448 de
658 392 779 449 fadeibus

106 483 118 524 t
161 469 251 525 amisit
260 469 367 523 inhians
378 467 417 522 illi
427 469 593 540 imaginerio.

161 543 274 599 Delosus
283 561 354 617 ergo,
367 547 467 615 speque
477 542 616 598 frustratds
626 561 688 598 sua:

161 619 237 674 Ome
245 618 387 691 pecudem!
408 620 452 682 ait,
464 622 563 689 qudnta
575 635 624 690 ego
633 617 812 688 imprudentia

161 694 198 760 id,
211 693 284 765 qudd
293 693 422 757 tenebam,
435 693 521 755 amisi,
535 699 564 746 ut
574 693 611 757 id,
623 693 695 765 quod
705 695 758 747 ndu
768 700 832 756 erat,

162 774 303 842 captarem,
315 776 340 822 et
349 769 473 823 umbram
483 768 584 838 corpori
595 785 686 822 amens
696 766 822 838 praetuli!

106 853 132 896 rt
198 846 236 898 Ne
246 844 344 898 ineerta
352 843 428 897 oertis
438 846 638 913 anteponantr‘rr,
650 850 718 897 veto.

301 1040 360 1082 le.
384 1038 518 1082 asinos
540 1038 587 1080 ET
611 1039 712 1080 Aren.

191 1154 401 1238 Magnanimum
407 1180 493 1234 quum
501 1163 692 1235 segnisaprum
698 1161 792 1215 rideret
800 1159 910 1226 asellus,

159 1238 205 1294 ille
214 1257 336 1310 premens
346 1238 412 1293 iram
422 1244 447 1291 et
456 1237 545 1292 sedata
555 1245 641 1291 mente
653 1235 789 1290 renidens:

158 1315 252 1388 perget
274 1313 375 1386 inquit:
397 1311 897 1385 narntetuatutnmignaviapraestat.

158 1391 212 1444 Neo
221 1397 250 1444 tu
259 1405 391 1461 umquam
401 1387 479 1442 tantis
489 1387 557 1458 potis
566 1404 594 1440 es
603 1403 646 1440 me
655 1387 784 1440 incessere
790 1383 908 1456 probris,

103 1475 116 1518 o
160 1472 212 1519 tam
224 1463 272 1518 vili
282 1471 312 1518 ut
320 1463 414 1536 digner
423 1478 582 1535 generosum
594 1461 726 1534 sanguine
736 1459 852 1516 dentem.

158 1541 226 1594 Nam
237 1537 362 1611 quamvis
372 1554 470 1591 noxam
484 1536 594 1591 meritus
607 1535 759 1609 dignusque
769 1533 838 1590 malo
849 1542 888 1599 tu,

158 1622 245 1668 nostra
257 1612 368 1686 indigna
378 1619 465 1666 tamen
476 1629 532 1666 sese
542 1611 595 1664 huo
604 1609 739 1665 demittere
746 1609 841 1665 virtus.

195 1689 326 1743 Virtutem
336 1704 370 1741 ne
381 1685 446 1741 torte
456 1694 529 1741 tuam
540 1685 711 1757 oonte‘mptior
720 1684 803 1740 hostis

158 1763 288 1834 inquinet,
303 1760 409 1818 ultrices
419 1761 553 1816 moderare
562 1761 691 1832 potentior
700 1760 763 1814 iras.

248 1977 297 2023 LV.
320 1977 462 2022 PULLUS
488 1975 591 2021 ASINI
610 1974 657 2017 ΕΤ
680 1972 806 2017 LUPUS.

193 2091 293 2157 Morbo
303 2104 395 2158 asinus
407 2103 471 2157 olim
482 2105 567 2173 qudm
578 2099 706 2154 laboraret
714 2098 799 2172 gravi,

154 2183 194 2240 ut,
207 2176 298 2231 adesse
307 2187 427 2241 mortem,
439 2179 529 2231 rr'rmor
538 2174 733 2237 increbesoeret,

157 2250 237 2322 lupus
246 2255 290 2306 dre
300 2251 359 2306 ficto
369 2252 481 2306 adoessit
490 2249 567 2304 illum
578 2251 672 2302 visere.

156 2324 241 2391 Quem
251 2325 341 2398 pdllus
352 2327 429 2390 asini,
441 2326 489 2398 qui
502 2324 625 2380 adsidens
635 2326 689 2376 erat
697 2321 774 2392 petri,

100 2410 113 2452 5
155 2416 202 2469 per
211 2399 344 2454 obseratae
355 2399 449 2454 ianuae
458 2400 553 2453 rimam
564 2398 685 2472 agnitum

155 2472 291 2527 admittere
301 2474 369 2526 intro
379 2473 472 2528 noluit.
511 2472 644 2526 Sedenim
655 2469 744 2540 lupus,

156 2549 274 2614 quonam
284 2546 362 2600 modo
371 2564 400 2600 se
409 2547 516 2600 haberet
524 2563 609 2618 aeger,
622 2545 716 2599 institit

157 2623 257 2688 rogare.
297 2619 400 2683 Melius,
414 2619 457 2673 ille
467 2621 511 2684 ait,
523 2637 605 2692 quam
619 2623 646 2673 td
656 2618 732 2673 velis.

194 2691 318 2762 Suspecta
332 2694 424 2747 merito
434 2698 496 2747 sr'rnt
506 2703 530 2748 et
539 2695 666 2768 obsequia
676 2695 804 2751 hostium.
