2054 3024
191 225 239 277 ua
383 217 738 290 Avrunrrunuiun.

330 423 423 467 xx1v.
450 421 626 465 vnNATou
650 423 697 466 ΕΤ
722 423 799 467 LEO.

190 508 332 572 Certamen
343 516 421 589 longa
430 522 588 586 protractum
599 513 642 568 lite
655 516 780 588 gerebant

227 599 333 645 venator
343 591 478 663 quondam
488 588 585 644 nobilis
596 596 674 660 utque
685 589 733 644 leo.

189 667 220 720 Hi
231 683 316 738 quum
326 675 481 737 perpetuum
493 670 617 734 cuperent
627 664 654 717 in
666 664 752 737 iurgia
764 665 854 731 finem,

226 741 295 794 edita
305 741 429 794 continuo
439 739 502 794 forte
512 737 631 809 sepulcra
641 739 740 792 vident.

131 827 146 870 5
188 814 245 870 Illic
254 815 327 869 docta
338 832 433 868 manus
444 813 587 867 flectentem
597 812 662 866 oolla
672 812 773 867 leonem

186 935 190 948 ,
225 888 319 944 fecerat
329 889 355 942 in
366 889 466 962 gremio
477 888 648 958 procubuisse
658 888 720 943 viri.

184 963 291 1020 'Scilicet
300 963 435 1017 aflirmans
445 963 547 1032 pictura
558 969 620 1015 teste
630 963 775 1033 superbum

226 1057 254 1092 se
264 1039 333 1092 fieri:
355 1037 510 1092 exstinctam
521 1054 582 1090 nam
592 1036 665 1090 docet
675 1054 731 1090 esse
741 1035 834 1090 ieram.

188 1113 235 1168 llle
244 1131 337 1186 graves
347 1111 436 1166 oculos
447 1111 481 1166 ad
491 1111 578 1165 inania
589 1111 665 1183 signa
675 1119 829 1181 retorquens

132 1199 159 1240 tt
225 1188 349 1251 infremit,
362 1197 387 1240 et
396 1186 487 1241 rabido
498 1197 598 1256 pectore
609 1186 688 1239 verba
699 1185 783 1239 dedit:

188 1267 269 1317 irrita
280 1272 303 1316 te
312 1267 413 1330 perceris
422 1265 502 1315 subiit
510 1265 608 1326 fiducie
617 1265 704 1323 vestri,

225 1340 336 1405 artificis
347 1345 433 1390 testem
443 1340 467 1389 si
478 1339 551 1402 cupis
563 1352 737 1389 assemanum.

190 1412 288 1478 Quodsi
297 1420 388 1465 costra
397 1427 491 1464 novum
504 1418 605 1476 caperet
615 1411 733 1463 sollertia
742 1426 853 1471 sensum,

224 1490 352 1554 sculperet
362 1495 391 1538 ut
400 1489 480 1539 docili
487 1487 582 1552 pollice
591 1501 662 1538 scca
672 1487 724 1536 leo:
806 1507 807 1510 ¹

130 1571 158 1614 tt
189 1571 249 1616 tunc
259 1565 384 1614 homiuem
392 1565 522 1626 aspiceres
531 1575 679 1625 oppressum
688 1575 821 1611 murmure
830 1561 895 1621 solo,

225 1641 343 1690 conderet
353 1643 382 1688 ut
391 1637 492 1688 rabidis
502 1636 595 1686 ultima
605 1639 662 1700 sato
674 1637 753 1700 penis.

372 1803 451 1846 XXV.
475 1805 574 1848 PUER
597 1803 645 1846 ΕΤ
669 1803 748 1846 Fuit.

186 1889 269 1951 Flens
279 1915 345 1968 puer
354 1903 497 1950 extremam
507 1896 579 1966 putei
589 1893 706 1949 consedit
715 1893 749 1947 ad
761 1893 870 1957 undam,

223 1990 292 2026 vana
302 1970 473 2043 supervacuis
483 1970 593 2024 rictibus
602 1987 645 2025 ora
658 1969 772 2023 trahens.
898 2023 902 2028 ,

187 2045 306 2102 Callidus
316 2047 389 2100 hunc
399 2045 514 2099 lacrimis
524 2053 664 2116 postquam
675 2043 718 2097 fur
728 2043 796 2097 vidit
808 2043 917 2106 obortis,

224 2117 355 2192 quaenam
365 2121 485 2174 tristitiae
494 2120 529 2173 sit
540 2119 617 2173 modo
626 2136 714 2182 causa,
728 2124 811 2190 rogat.

131 2208 144 2250 5
187 2194 234 2250 Ille
244 2194 295 2248 sibi
306 2195 411 2265 abrupti
423 2193 689 2268 fingensdiscrimina
700 2192 781 2256 lunis,

224 2277 302 2341 alque
312 2270 369 2323 auri
380 2271 499 2340 queritur
510 2267 649 2322 desiluisse
658 2267 764 2321 cadum.

186 2346 240 2398 Nec
249 2359 336 2410 mora;
348 2343 486 2397 sollicitam
497 2343 576 2396 traxit
586 2360 681 2396 manus
691 2340 811 2412 improba
820 2346 935 2395 vestem:

225 2424 321 2470 exutus
331 2417 403 2487 putei
413 2418 533 2486 protinus
544 2416 597 2469 ima
607 2417 681 2486 petit.

187 2489 317 2544 Parvulus
327 2490 424 2561 exiguo
432 2489 599 2543 circumdans
609 2489 689 2560 pallia
699 2489 774 2554 collo,

130 2573 159 2615 tt
225 2563 345 2616 sentibus
354 2563 495 2616 immersus
506 2563 640 2616 delituisse
649 2562 736 2618 datur.

187 2635 239 2689 Sed
248 2642 306 2704 post
315 2633 400 2688 fallaci
410 2643 529 2706 suscepta
539 2636 655 2706 pericula
664 2646 724 2692 voto

224 2707 331 2772 tristior,
343 2708 439 2761 amissa
449 2716 520 2762 veste
530 2710 624 2764 resedit
633 2711 721 2764 humi.
