2062 3020
271 237 512 319 APPENDIX
550 239 598 294 1v.
763 241 811 294 tta

51 353 146 418 posset
156 353 182 400 et
191 339 261 400 hano
271 363 368 401 noxam
379 348 465 417 specie
475 347 572 401 velaret
582 347 693 412 honesti,

52 421 202 476 adcusabat
211 437 282 486 eum,
295 422 367 493 quod
376 421 500 494 pervigili
510 431 589 494 etque
599 421 707 476 molesto

51 496 176 550 turbaret
185 503 340 550 nocturnum
350 497 491 551 hominum
503 496 616 552 clamore
625 497 752 568 quietem.
854 506 868 549 t

52 569 216 624 Defendente
225 569 280 635 illo,
291 587 348 624 sese
357 571 478 625 utilitatis
487 589 578 626 eorum

52 645 84 699 id
94 662 176 700 causa
185 643 277 710 facere,
290 653 320 698 ut
330 647 422 700 moniti
433 646 598 701 adventantis
608 646 656 702 Eoi

53 719 90 774 ad
100 737 151 775 sua
160 719 277 792 quisque
287 737 396 790 operum
407 721 494 776 studia
503 721 646 774 exercenda
655 720 779 784 redirent,

53 796 131 849 hunc
140 811 250 849 rursum
259 794 282 848 is
292 804 400 849 naturae
409 797 509 850 hostem
520 795 680 867 infandoque
689 812 809 850 sororum

53 869 201 924 concubitu
210 876 236 922 et
244 871 336 923 matris
344 869 451 925 foedum
462 872 644 942 incestumque
656 871 775 926 vocabat.
839 880 868 923 to

54 944 103 998 Ille
112 943 257 999 excusabat
266 943 351 998 scelus
361 944 472 999 utilitate
481 963 612 1017 suamque

54 1019 120 1074 hino
129 1018 223 1074 multis
233 1018 335 1073 dicebat
344 1020 435 1074 heram
446 1020 552 1074 ditarier
560 1021 630 1074 ovis.

55 1095 126 1148 Tum
136 1092 201 1148 feles
212 1092 317 1147 tandem
326 1093 448 1164 perfricta
457 1094 553 1148 fronte:
575 1094 627 1149 Sed
637 1095 686 1148 etsi

55 1175 213 1241 argumenta
222 1175 295 1222 tuam
306 1168 450 1223 defendunt
459 1169 575 1240 plurima
586 1187 702 1234 causam,

54 1244 188 1314 impastus
199 1249 295 1307 tamen,
308 1243 405 1315 inquit,
416 1260 465 1316 ego
474 1244 538 1298 hinc
547 1243 679 1298 discedere
689 1243 759 1298 nolo.
838 1254 865 1297 tt

93 1318 155 1372 Vim
166 1317 214 1388 qui
225 1315 320 1370 inferre
329 1326 403 1388 parat
412 1318 525 1389 cupidus
535 1327 676 1390 certusque
685 1317 806 1381 nocendi,

53 1391 153 1447 frustra
163 1391 241 1446 illum
250 1393 349 1446 ratione
359 1410 473 1464 premam,
486 1401 532 1448 eut
542 1395 600 1448 iure
609 1392 721 1448 refellas.

107 1579 198 1623 xnnr.
224 1579 370 1633 temnus,
396 1581 524 1626 srnrus
549 1582 596 1624 nr
622 1554 753 1625 r'anrn.

91 1681 215 1744 Asinum
226 1695 388 1759 querentem,
401 1688 475 1760 qudd
484 1698 581 1743 careret
593 1693 727 1756 cornibus,

54 1771 80 1817 et
89 1763 210 1828 slmium,
222 1762 294 1834 quod
304 1762 401 1816 caudae
412 1763 518 1828 honore,
532 1764 583 1817 hoc
591 1767 679 1839 drguit

53 1841 175 1893 sermdne
186 1837 269 1908 talpa:
291 1837 343 1903 Qut
352 1838 459 1908 potestis
469 1839 538 1892 hanc
548 1856 634 1894 meam

53 1913 180 1967 miseram
190 1914 321 1966 intuentes
331 1912 480 1967 caecitatem
490 1913 554 1968 haec
563 1917 688 1986 conqueri
698 1917 703 1969 l

91 1986 186 2042 Aliena
196 1987 219 2039 si
230 1986 376 2041 aestimaris
387 1985 537 2054 infortunia,
848 2003 863 2046 t

52 2069 117 2116 tunc
127 2061 251 2133 ae'quiore
259 2063 346 2116 mente
354 2061 467 2133 perferes
478 2071 533 2117 tna.

148 2248 234 2294 XLIV.
259 2250 403 2294 VULPES
427 2250 528 2294 voTA
551 2253 713 2298 MUTANS.

89 2347 193 2412 Initrira
204 2357 298 2428 vulpes
308 2361 403 2413 cortem
414 2359 530 2430 opimam
540 2361 641 2428 divitie,

52 2433 148 2507 pingui
158 2431 280 2488 refertam
290 2435 385 2506 genere
394 2433 546 2506 gallinaceo,

53 2506 169 2562 foramen
181 2507 217 2572 id,
230 2525 284 2579 qua
295 2508 485 2563 trdnseundum
495 2515 549 2566 erat
558 2510 619 2576 sibi,
667 2529 670 2534 ยน

54 2583 174 2652 cupiebat
184 2583 212 2636 in
221 2583 381 2653 penetrando
390 2582 530 2638 dilaterier.

53 2657 169 2712 Rursum
180 2658 242 2712 lnde
251 2657 403 2728 subreptam
413 2661 456 2713 dre
465 2659 592 2733 gallinam
603 2658 712 2713 efferens
845 2670 862 2716 t

54 2749 137 2803 quum
147 2732 201 2786 iam
212 2732 393 2800 imminentem
405 2732 544 2789 horrereta
555 2737 628 2808 tergo
640 2751 741 2801 canem,
