2054 3024
323 249 562 306 APPENDIX
600 253 653 308 111.
818 255 866 310 ild

116 358 217 413 Dicitur
226 357 270 412 his
279 356 370 412 sollers
382 375 472 412 vacem
482 359 587 430 rupisse
594 358 719 432 querelis,

153 440 179 487 et
188 432 290 506 gemitu
303 449 423 486 summos
433 432 587 488 sollicitasse
594 435 670 489 deos:

113 511 228 577 perdita,
241 512 359 576 quisquis
368 515 426 570 erit,
435 511 545 575 posthac
554 513 605 564 sibi
611 513 699 578 pallia
709 512 808 572 credat,
896 515 923 564 tt

154 587 201 651 qui
206 590 285 649 putat
295 587 323 634 in
336 584 442 650 liquidis
454 587 523 651 quod
531 592 607 638 natat
615 601 686 638 urna
694 588 777 638 vada.

115 691 200 744 Nemo
211 689 291 742 nimis
301 688 397 758 cupide
407 689 446 742 sic
454 707 495 742 res
504 688 633 743 desideret
641 689 721 756 ullas,

154 781 197 828 ne,
212 763 274 834 plus
288 780 375 834 quum
385 763 481 834 cupiat,
491 763 583 834 perdat
592 770 617 817 et
627 763 663 830 id,
676 763 749 837 quod
758 764 847 820 habet.

261 949 353 994 xxvi
377 951 445 992 Lan
473 950 520 993 ΕΤ
547 951 724 995 ΟΛΡΕΒΒΑ

116 1056 234 1119 Viderat
243 1063 346 1117 exaelsa
356 1071 506 1135 pascentem
517 1082 583 1136 rupe
593 1064 731 1136 capellam,

124 1148 126 1151 “
154 1139 277 1192 eominus
287 1139 407 1192 esuriens
418 1155 504 1209 quum
516 1138 556 1193 leo
566 1138 643 1194 ferret
652 1141 711 1196 iter.

115 1213 150 1268 Et
158 1213 240 1284 prior,
252 1213 331 1276 Heus,
343 1212 440 1284 inquit,
450 1218 604 1281 praeruptis
612 1219 700 1269 ardua
708 1219 784 1270 susis

155 1291 252 1356 linque,
263 1304 310 1341 nec
320 1290 430 1341 hirsutis
436 1305 540 1355 pascua
549 1305 646 1357 quaere
655 1293 740 1358 iuyts;

116 1365 161 1416 scd
174 1365 252 1429 cytisi
262 1378 379 1414 croceum
385 1379 435 1428 per
441 1370 524 1430 pratu
534 1367 650 1416 uirentia
659 1367 756 1429 dorca,
911 1375 924 1418 5

154 1445 178 1489 et
188 1439 298 1504 plaucas
306 1439 402 1490 salices
411 1445 435 1490 et
445 1439 533 1504 thyma
541 1445 621 1504 prata
630 1446 698 1504 pete.

115 1509 164 1564 Illa
174 1527 298 1583 gemens:
320 1511 427 1574 Desiste,
436 1529 540 1578 precor,
554 1515 695 1580 fallaciter,
707 1511 803 1583 inquit,
873 1572 878 1590 .

153 1602 274 1639 securam
280 1588 397 1652 placidis
405 1588 550 1641 sollicitare
559 1588 634 1640 dolis.

120 1659 188 1714 Vera
198 1663 371 1714 liestmoncas
384 1669 408 1713 et
417 1676 513 1728 maana
520 1664 649 1728 pericula,
664 1663 741 1714 tollas

155 1743 183 1788 tu
194 1743 295 1788 lancea:
313 1737 354 1788 his
363 1738 503 1788 ‹lictisaaa
511 1738 579 1803 sacis
588 1751 642 1789 essa
651 1739 733 1804 fidem.
898 1745 924 1788 ta

116 1808 187 1864 Nam
197 1812 317 1877 quamuis
325 1813 404 1863 raetis
414 1818 512 1864 colestet
520 1815 648 1864 sententia
659 1811 755 1872 amba,

153 1891 300 1950 suspectam
309 1885 376 1937 hauc
385 1887 495 1938 rabidus
505 1886 658 1939 consiliator
667 1885 749 1938 habat.

116 1991 155 2046 Ne
165 1991 243 2046 citius
253 1989 360 2045 blandis
370 1991 531 2062 cuiusquam
544 1989 640 2044 credito
653 1989 738 2054 dietis,

154 2065 202 2120 sed
212 2065 235 2120 si
246 2065 300 2119 sint
310 2065 366 2131 fidi,
379 2066 487 2136 respice,
502 2065 569 2137 quid
580 2071 712 2119 maneant.

255 2249 360 2294 XXVH
384 2251 523 2294 connlx
548 2252 597 2295 ET
623 2252 730 2296 URNA.

115 2351 269 2444 Ingentem
268 2359 360 2413 sitiens
372 2359 465 2413 cornix
474 2358 629 2430 adspexerat
637 2379 743 2426 urnam,

153 2451 224 2505 quae
232 2433 373 2488 minimam
383 2432 466 2488 fundo
475 2434 647 2489 continuisset
656 2453 763 2520 aquam.

115 2507 190 2563 Hanc
198 2507 272 2570 enisa
283 2507 331 2562 diu
326 2506 427 2594 planis
438 2507 571 2563 effundere
580 2509 690 2594 campis,

153 2581 254 2636 scilicet
264 2589 294 2636 ut
305 2582 415 2637 nimiam
424 2581 531 2653 pelleret
540 2582 602 2638 inde
611 2584 692 2647 sitim,

115 2664 259 2730 postquam
269 2655 381 2711 nulla
355 2675 426 2711 viam
439 2657 522 2713 virtus
532 2656 612 2722 dedit,
624 2657 745 2712 admovet
754 2672 847 2710 omnes
909 2664 924 2711 t

153 2731 293 2806 indignata
304 2748 370 2786 nova
380 2731 520 2787 ealliditate
532 2731 616 2786 dolos.

154 2823 270 2877 Pansae,
294 2823 355 2877 Fas.
736 2825 759 2878 H
