2054 3024
301 190 538 245 APPENDIX
575 193 631 245 III.
784 194 839 246 ’405

89 299 167 356 Nunc
176 303 282 353 inventa
291 303 354 353 meis
364 315 415 352 non
422 303 514 366 prodis
523 317 631 354 munera
642 302 748 367 templis,

127 383 206 443 atque
214 376 283 426 alios
296 377 551 441 mucispnrticiparc
563 379 630 427 deos.
868 383 897 427 1⁰

89 448 141 504 Sec
151 465 230 516 quum
238 454 358 514 surrepto
367 451 450 516 [ueris
460 453 623 502 tristissimus
632 465 706 512 aure,

126 539 167 575 me
173 526 289 589 primam
299 525 416 576 lacrimis
425 525 578 576 sollicitabis
589 527 671 590 inops.

89 597 150 652 Non
159 613 199 650 mc
207 600 305 650 ridenti
313 601 358 649 secl
368 600 438 650 tristi
448 614 551 649 cernere
559 599 633 650 mlltu

125 676 169 740 [as
178 674 236 733 crit,
248 678 271 723 ct
281 687 366 724 vacua
374 676 427 725 sint
437 674 483 724 tibi
492 679 552 725 vota
563 680 615 724 tun.

88 777 175 833 Unius
185 784 288 846 accepto
297 785 386 847 peccat
394 795 473 850 grave
483 779 598 850 quisque
610 777 714 843 talento,
868 789 898 833 ti

126 852 160 916 si,
172 850 245 923 quod
255 851 288 904 ab
298 851 348 905 hoc
358 854 480 923 sumpsit,
494 853 606 925 imputat
615 852 665 907 hcc
675 852 729 907 elii.

220 1021 289 1066 XIII.
316 1024 465 1067 TAURUS
491 1023 538 1067 m*
563 1025 706 1068 HIRCUS.

88 1124 258 1188 Immensum
267 1140 359 1187 taurus
370 1132 470 1205 ingeret
481 1150 565 1204 quum
576 1132 639 1188 forte
651 1133 761 1200 leonem,

126 1215 236 1278 tutaque
245 1207 354 1262 desertis
364 1215 499 1279 quaereret
507 1215 580 1261 entra
591 1208 671 1280 iugis,

87 1282 244 1354 speluncam
255 1283 358 1354 reperit,
371 1299 453 1353 quam
464 1290 526 1335 tunc
535 1282 656 1336 hirsutus
666 1283 779 1338 habebat

126 1357 254 1430 Cinyphii
265 1357 356 1411 ductor
366 1375 413 1428 qui
407 1356 487 1411 solet
496 1374 552 1410 esse
561 1357 660 1430 gregis.

86 1433 136 1486 Ast
146 1432 193 1486 ubi
205 1433 349 1486 summissa
360 1431 546 1485 meditantem
538 1449 685 1503 irrumpere
695 1430 778 1486 fronte
883 1443 898 1485 5

125 1507 223 1561 obvius
233 1506 343 1577 obliquo
353 1507 444 1560 terruit
453 1522 497 1560 ore
507 1524 596 1576 caper
669 1563 673 1570 .

88 1581 244 1644 tristissimi,
257 1579 388 1654 longaque
399 1579 480 1666 fugax
491 1579 522 1633 de
535 1580 602 1635 mlle
613 1580 682 1635 locut
672 1589 715 1634 tus

126 1654 202 1728 (nam
213 1655 290 1708 timor
300 1653 460 1724 expulsum'
453 1655 539 1726 iurgia
548 1653 614 1709 ferre
626 1663 694 1710 vetat
699 1655 720 1728 );

86 1734 418 1784 nontedemisslssctcsum
420 1733 534 1796 ,putide‚
548 1731 643 1794 barbis,

125 1807 208 1866 illum,
220 1822 264 1873 qui
274 1813 390 1870 superest
400 1808 622 1872 consequiturque,
636 1813 723 1858 tremo.
868 1813 896 1854 tu

86 1879 156 1934 Nam
166 1884 190 1932 si
199 1881 324 1940 discedat,
336 1895 432 1939 nosces,
446 1881 605 1952 stultissime,
617 1887 741 1946 quantum

124 1955 658 2020 discrepetutauriciribuslircusclens.
813 1959 815 1964 '

85 2028 156 2081 Dum
166 2027 242 2097 cupis
253 2025 355 2080 illatum
366 2026 469 2080 tibimet
477 2044 525 2097 par
536 2025 635 2080 solvere
644 2024 782 2091 damnum,

124 2102 226 2172 absque
236 2108 280 2154 tuo
290 2100 387 2155 damno
395 2099 474 2155 hocce
484 2109 572 2156 cavete
583 2099 645 2154 iore.
875 2093 884 2106 ⁹

230 2271 296 2314 xlv.
323 2272 427 2316 stmln
450 2272 497 2315 ΕΤ
522 2272 688 2315 IUPITER.

85 2371 187 2451 Iupiter
197 2379 225 2434 in
236 2387 288 2435 tcto
298 2381 434 2453 quondam
445 2381 610 2452 quaesiverat
619 2381 690 2446 orbe,

123 2471 234 2520 munera
244 2463 366 2510 natorum
377 2455 424 2526 qui
436 2454 543 2508 meliora
553 2455 632 2508 daret.

85 2529 210 2584 Certatim
220 2528 254 2584 nd
264 2546 352 2602 regem
363 2529 444 2584 currit
452 2545 539 2615 genus
548 2546 626 2583 omne
636 2527 759 2594 ferarum,

122 2604 340 2676 permixtumque
349 2603 451 2660 homini
462 2604 563 2689 cogitur
574 2603 611 2657 ire
619 2620 710 2686 pecus.

84 2677 137 2733 Sed
151 2695 199 2734 nec
207 2678 369 2753 squamigeri
363 2677 477 2734 desunt
486 2678 536 2733 ad
530 2677 614 2750 iurgia
623 2676 719 2748 pisces
