2062 3020
158 240 207 292 {³0
344 236 492 291 FAERNI
520 235 714 292 FABULAE.

156 363 264 418 pessum
275 347 314 399 ire
322 352 487 416 mortemque
497 345 637 399 imminere
647 346 700 399 iem
709 343 775 398 sibi:

102 433 114 475 5
157 421 274 475 mternto
284 427 363 491 atque
372 420 516 490 eemposito
526 435 615 473 ammo
623 421 761 490 eppetens

156 499 328 568 egotentum
341 495 385 558 ait,
398 492 833 558 b1b1eteomed1etlev1uthune

156 577 246 624 sature
255 569 355 622 exitum
367 568 435 622 ferre
445 568 518 622 haud
527 567 634 621 moleste
643 535 764 622 debeam

194 643 233 708 ld,
247 643 320 714 qued
330 659 434 698 necesse
444 649 491 706 est
504 641 542 696 fer
551 642 668 713 bomque
678 641 795 696 eensule

284 813 339 856 XV.
362 813 549 856 RUSTICUS
575 812 623 855 ET
648 813 777 862 Belius.

194 896 329 959 Venalem
339 912 411 978 tergo
421 904 536 975 leporem
546 921 632 976 quum
643 903 720 960 ferret
728 903 762 958 ad
770 904 865 958 urbem

157 979 272 1033 rusticus
282 979 379 1033 inserto
389 980 476 1034 vineta
486 979 553 1033 inter
564 995 641 1034 crura
650 978 754 1043 bacillo

156 1053 253 1109 obvius
262 1054 327 1108 hule
335 1071 416 1124 eques
426 1053 541 1124 empturi
549 1053 618 1108 sub
611 1070 727 1126 lmegme
736 1053 851 1122 sumpsit

158 1128 407 1199 libravitquemanu
417 1126 542 1198 leporem
555 1128 710 1199 quantique,
723 1128 835 1212 regavit.

103 1215 114 1256 5
157 1203 279 1257 Protmus
289 1210 314 1256 et
325 1201 424 1258 vairam
434 1201 548 1256 referens
557 1219 604 1272 per
614 1219 675 1256 rura
684 1218 805 1273 rapinam

158 1275 274 1332 admisso
283 1277 402 1330 disoessit
410 1294 488 1348 equo
529 1276 579 1332 Cui
589 1277 716 1330 rusticus
738 1277 808 1330 Heus
821 1282 852 1330 tu

157 1352 255 1423 lnquit,
267 1369 329 1405 eum
339 1351 408 1404 dono
418 1349 532 1421 leporem
542 1350 605 1418 tibi;
626 1367 731 1405 vescere
738 1350 829 1423 gratis,

157 1443 261 1481 vescere
271 1425 336 1479 laeto
346 1425 435 1479 animo
444 1433 469 1479 et
479 1425 589 1479 memori
599 1424 720 1480 donantis
729 1424 820 1480 amici!

194 1499 315 1556 Ridicule
328 1501 393 1554 haee
405 1499 540 1566 homines,
558 1508 694 1571 nequeunt
705 1517 774 1571 quae
782 1498 908 1564 vendere,

653 1573 761 1628 donant.

307 1739 374 1784 xvi.
398 1741 520 1790 EQUUS
544 1740 591 1785 ΕΤ
616 1740 757 1785 Asilius.

194 1825 295 1905 Equus
305 1837 383 1904 itque
393 1830 490 1886 asellus
501 1831 643 1888 servientes
653 1832 700 1887 ιἰιιί
713 1831 776 1887 hero

157 1909 269 1979 uterque
277 1925 382 1979 proprus
392 1909 505 1962 onustus
514 1907 568 1961 1hat
577 1907 689 1961 sereme

158 1981 316 2037 SedaseHus
326 1982 390 2037 adeo
400 1982 453 2036 lim
462 1981 623 2066 gravabatur
632 1997 690 2044 sua

156 2063 187 2110 ut
196 2060 331 2130 obgeretur
340 2057 423 2128 pertis
432 2056 545 2111 ahoulus
554 2055 606 2110 slbi

104 2143 115 2184 5
157 2132 270 2202 supplex
281 2131 400 2186 levamen
410 2131 444 2185 eb
454 2131 537 2186 sodali
547 2133 695 2201 expescere

157 2204 216 2271 Quo
225 2207 370 2280 denegante
379 2208 441 2277 pree
451 2204 540 2260 labore
548 2203 688 2259 oenoidens

157 2280 239 2335 miser
248 2297 404 2352 supremum
415 2280 513 2335 asellus
522 2279 576 2354 egit
585 2278 708 2334 halitum.

157 2354 226 2408 Tum
236 2359 308 2419 vero
320 2362 351 2408 ut
360 2355 540 2409 usmisermna
549 2353 684 2409 eteorum
694 2354 805 2423 insuper

158 2443 227 2499 equo
236 2427 271 2484 ed
279 2446 395 2499 priorem
405 2428 536 2483 simmam
546 2435 609 2483 sunt
618 2427 715 2491 addua

104 2512 129 2552 ιιι
157 2501 586 2574 miserumsslesevocibatetque
596 2501 740 2572 perditum.

157 2575 225 2628 Nam
236 2579 285 2647 qui
295 2575 382 2631 levare
391 2575 603 2630 oentubemalem
614 2592 704 2630 meum

158 2655 231 2716 parte
240 2650 337 2713 enoris,
348 2648 446 2719 inquit,
458 2649 540 2714 milui,
553 2649 723 2704 nunoemnie

158 2728 241 2792 gesto,
253 2725 333 2793 itque
341 2722 444 2784 corium
453 2722 542 2777 tertiae
551 2724 633 2778 instar
642 2723 768 2778 sarcinae.
