2062 3020
306 205 543 272 APPEN'DIX
580 217 629 272 iv.
792 221 842 272 ree

88 337 209 393 carpere:
230 329 330 394 quanto
339 321 413 378 iliam
424 323 520 379 melius
529 324 646 395 potuisse
656 325 697 380 vel
710 333 783 380 extra

88 395 223 460 eonstitui,
235 396 277 451 vel
287 415 333 468 per
342 397 459 469 patulam
470 399 593 470 adparere
602 398 750 465 fenestram,

88 478 120 525 ut
130 469 253 524 meditata
263 471 321 526 eius
330 473 437 544 penitus
448 475 552 528 novisse
563 473 659 528 liceret.

89 547 224 600 Postremo
233 545 359 601 damnare
367 547 477 603 domum
492 549 601 619 vitiique
612 556 708 614 notare,

89 619 236 675 mobilibus
246 621 319 692 quod
328 622 391 676 nixa
402 623 464 676 rotis
476 641 528 676 non
539 630 614 687 esset,
627 632 656 677 ut
666 641 719 678 una

89 711 152 749 cum
163 693 272 749 domino
281 703 401 750 externas
412 697 541 766 proticisci
551 705 638 766 posset
648 698 674 751 in
685 715 752 763 oras,

89 768 266 841 vicinumque
275 770 375 824 malum
387 771 484 843 effugio
494 771 575 824 vitare
586 779 682 842 parato.

128 844 253 897 Damnari
263 846 389 917 carpique
398 846 476 900 etiam
487 846 630 900 rectissima
643 853 764 916 possunt.

192 1031 277 1074 XCIII.
302 1033 464 1075 Iunones
487 1033 532 1074 ΕΤ
555 1033 738 1078 RIIAMNUS.

128 1129 258 1212 Regnum
268 1137 332 1193 elim
342 1137 427 1192 olivae
436 1138 586 1193 detulerunt
595 1139 700 1194 a'rbores

92 1220 117 1267 et
127 1210 214 1267 valide
226 1212 275 1267 late
285 1216 385 1284 sceptra
395 1213 481 1285 gentis
492 1212 621 1267 Irtndeae.

91 1287 197 1355 Quibus
208 1287 263 1352 Ille,
275 1305 344 1358 quae
353 1291 472 1341 conttnta
484 1295 552 1341 sorte
561 1290 629 1340 esset
636 1305 698 1343 suu:
791 1337 796 1346 .

91 1363 230 1439 omnious!
252 1362 297 1427 eit,
309 1367 429 1416 mettinne
442 1360 657 1434 pinguitudinem

91 1437 134 1491 :Iis
144 1441 223 1509 utque
235 1437 390 1491 hominibus
399 1437 540 1507 expetitam
551 1435 678 1500 deseram,

91 1519 122 1566 ut
132 1514 259 1583 Imperem
270 1514 399 1585 regntque
408 1512 479 1565 euris
489 1509 621 1565 mtcerer?

92 1589 138 1651 Ite,
150 1591 204 1650 tro,
217 1585 295 1640 etalii
307 1587 436 1640 sarcinam
448 1586 517 1640 hanc
527 1584 666 1656 inrptnitel

91 1661 211 1715 Reiectus
220 1668 283 1714 eunt
293 1660 326 1715 ad
336 1661 432 1714 ficum:
453 1661 492 1714 uti
503 1662 601 1733 regnet,
616 1663 721 1732 rogant:

92 1753 162 1807 quae
171 1742 196 1789 et
205 1737 262 1806 Ipsa
273 1752 319 1806 per
329 1753 357 1789 se
368 1735 432 1790 latta
444 1735 540 1789 nativis
551 1733 641 1788 bonis:

83 1827 175 1883 ¹egone
184 1811 214 1863 ut
224 1827 310 1863 meam
320 1809 487 1864 dulntdinem
498 1816 523 1862 et
534 1807 708 1862 suavissimos

93 1884 203 1948 fruetus,
216 1885 302 1955 sapori
313 1884 400 1938 mellis
410 1884 519 1957 Hyblaei
533 1899 617 1953 paren,

93 1962 191 2033 engbre
201 1966 311 2024 mutem,
322 1977 376 2030 quo
386 1959 430 2012 hie
441 1955 524 2013 honus
533 1955 677 2012 exuberat?

92 2035 131 2088 Re
141 2036 234 2088 rursus
245 2032 338 2087 infecta
349 2033 555 2088 haesitabundus
564 2032 669 2086 tubures

92 2108 174 2162 vitem
188 2125 296 2179 quoque
304 2110 416 2162 statuere
426 2107 576 2161 tentandum
590 2106 651 2160 sibi.

91 2183 131 2237 Ee
142 2185 210 2245 tum,
223 2181 338 2254 nigranti
349 2181 496 2236 etncolores
507 2183 639 2251 purpurae
736 2215 740 2226 .

92 2262 160 2312 uvts
169 2263 278 2311 onustos
288 2256 423 2327 explicans
432 2273 478 2326 per
488 2255 621 2326 palmites:

92 2330 198 2395 videtis,
212 2331 309 2402 inquit,
322 2331 370 2386 hes
379 2347 450 2402 opes,
463 2330 532 2383 hanc
541 2329 653 2399 cupiam,

92 2406 144 2460 hoe
154 2405 296 2459 delicatum
306 2408 343 2460 ut
353 2407 515 2460 racemorum
525 2403 614 2468 decus,

93 2480 143 2535 deo
151 2479 224 2534 unde
233 2479 440 2551 hominibusque
449 2478 546 2533 humor
556 2480 676 2548 receptus
686 2475 757 2531 fluit!

93 2556 159 2610 baec
168 2554 237 2608 dtne
245 2554 343 2625 opima,
354 2555 420 2608 haee
429 2559 496 2609 ttnte
508 2554 616 2607 naturae
625 2552 694 2606 bona

94 2637 125 2684 ut
134 2629 264 2692 deseram,
276 2646 323 2683 vos
333 2629 396 2682 estis
406 2630 523 2682 auetoro's
532 2624 619 2680 mihi?

71 2701 73 2704 ’
96 2705 165 2758 Turn
176 2705 239 2757 vtro
248 2719 291 2757 me
298 2719 390 2758 omnes
400 2702 522 2758 bmnium
532 2700 715 2755 stulttssimam
