2054 3024
106 169 110 212 3
203 219 251 270 uu
352 215 532 272 -Aviaru
560 215 756 272 FABULAE.

200 322 248 379 Ille
258 323 330 378 nefas
340 333 447 397 captum
457 324 571 380 referens
581 324 717 380 absolvere
729 325 842 396 piscem,

238 398 360 453 difficiles
370 401 490 471 queritur
500 400 605 455 casibus
615 417 672 454 esse
683 401 762 455 vices.
1019 439 1020 464 1

145 483 171 528 15
200 475 270 531 Nam
279 477 402 528 mianum
411 485 456 539 est,
467 474 564 546 inquit,
573 484 736 545 praesentem
745 479 869 530 amittere
877 494 962 546 prae-

238 625 345 676 staltr'ua
354 631 378 676 et
388 641 495 677 rursum
503 631 564 678 cota
573 628 666 693 satura
674 555 767 694 sem,

200 732 300 786 Incerta
311 746 360 801 pro
369 748 415 802 spe
424 748 478 785 non
488 748 598 785 munere
608 738 676 803 certa
689 730 819 804 relinque,

238 823 271 860 ne
281 823 375 860 rursus
384 823 497 878 quaeras
506 805 580 870 ferte,
593 824 642 860 nec
651 809 782 862 invenias.

342 993 411 1037 XXI.
435 994 626 1039 RUSTIGUS
651 996 698 1038 ΕΤ
722 995 812 1041 auls.

199 1117 318 1181 Parvula
328 1144 481 1200 progemem
491 1133 573 1182 terrae
583 1127 752 1184 mandaverat
762 1128 816 1184 ales
1019 1119 1020 1166 i

237 1218 291 1273 qua
301 1201 386 1256 stabat
396 1201 476 1257 mndr
485 1203 582 1273 cesprte
592 1201 716 1258 flava
670 1221 754 1276 se0es
1019 1173 1020 1244 d

199 1276 324 1330 Rusticus
334 1277 403 1331 hanc
412 1275 500 1350 fragili
509 1277 618 1348 cupiens
629 1278 765 1350 decerpere
777 1279 877 1346 culmo,

238 1368 354 1406 vicinam
363 1351 477 1423 supplex
487 1351 552 1406 forte
561 1352 665 1423 petebat
674 1370 762 1424 opem

144 1435 156 1480 5
198 1425 250 1481 Sed
259 1444 313 1481 vox
321 1425 465 1498 implumes
475 1427 591 1482 turbavit
599 1427 706 1482 credula
718 1428 804 1494 nidos

237 1509 354 1556 suaserat
364 1509 389 1556 et
397 1501 498 1556 laribus
508 1502 661 1556 continuare
672 1502 720 1576 fug
703 1521 774 1557 0am.

198 1575 306 1632 Cauticr
314 1577 363 1631 hus
374 1593 493 1632 remeans
502 1577 624 1648 prohibet
633 1577 765 1633 discedere
778 1586 876 1635 mater:

235 1669 305 1716 acm,
318 1651 729 1722 quidubeoeteraisproficretur?
749 1653 793 1707 ait.

198 1723 262 1780 Ille
254 1733 357 1780 aterum
359 1743 426 1780 caris
435 1745 543 1798 operam
553 1728 690 1783 mandavit
700 1745 803 1782 amicis

143 1810 169 1852 tu
236 1800 395 1875 Atgenrtrrx
404 1819 512 1856 rursum
522 1803 603 1856 tutior
613 1802 675 1857 inde
685 1810 783 1858 manet

198 1873 250 1930 Sed
260 1883 400 1948 postquam
411 1893 506 1931 curvas
515 1875 655 1932 dominum
666 1877 853 1948 comprendere
860 1877 951 1944 falces,

235 1949 359 2025 frugibus
369 1959 395 2006 et
405 1969 493 2006 veram
504 1951 586 2005 sensit
596 1952 686 2007 adesse
697 1970 817 2012 manum

197 2026 283 2088 Nunc,
296 2027 340 2092 ait,
352 2044 367 2080 ο
377 2031 473 2091 miseri,
485 2030 564 2080 dilect
554 2036 582 2082 ta
590 2031 729 2097 relinquite
742 2045 818 2092 rura,

236 2118 315 2169 quum
324 2119 394 2169 spem
404 2107 435 2156 de
441 2105 560 2170 propriis
569 2106 670 2157 viribus
679 2106 724 2156 ille
731 2107 804 2170 petit.

307 2287 389 2331 XXII
413 2289 572 2334 1Nv1uus
596 2291 643 2334 ET
669 2290 842 2334 CUPIDUS.

197 2407 299 2486 Iupiter
309 2417 448 2488 ambiguas
459 2420 600 2474 hominum
609 2421 773 2491 praediscere
781 2427 895 2484 mentes,

236 2488 269 2542 ad
279 2497 359 2545 terras
369 2491 505 2546 Phoebum
515 2494 589 2549 misit
598 2495 632 2549 ab
641 2511 699 2549 arce
708 2495 772 2567 pcli.

198 2563 273 2616 Tunc
282 2563 335 2618 duo
345 2563 457 2618 diversis
467 2569 608 2636 poscebant
618 2569 730 2623 numina
742 2569 822 2624 votis:

235 2636 557 2709 namqueaitercupidns‚
570 2642 826 2698 invidusaltererat.

142 2718 155 2762 a
198 2709 245 2762 His
254 2727 311 2764 sese
322 2709 441 2765 medium
452 2714 537 2778 Titan,
549 2724 679 2771 scrutatus
689 2725 845 2790 utrumque,
