2054 3024
347 221 582 276 APPENDIX
620 223 641 276 l.
838 223 871 277 65

120 331 243 396 beitiore
259 329 385 384 honorem
396 336 421 384 ot
430 347 568 385 summum
577 329 713 402 odnseqni.

121 405 227 462 Asellus
237 404 302 458 haee
311 401 376 459 dum
387 407 487 469 secum,
499 403 634 458 stabulum
645 403 772 476 odnspioit

122 478 382 546 intrdredominum;
403 479 727 550 quireeoonrrensdeius,

122 555 276 626 rudensque
286 551 398 624 prosilit,
409 555 436 608 et
444 553 563 608 humeris
572 554 663 608 ambos
674 553 752 624 pedes
901 561 926 606 15

123 628 244 700 imponit,
256 644 340 698 osque
351 627 444 701 lingua
454 627 537 698 eoepit
548 626 670 693 lambere,

122 701 276 774 vestemque
285 701 368 756 foedis
377 701 501 757 scindens
511 701 629 776 ungulis,
644 702 720 776 gravi

122 779 219 834 herinn
229 776 328 850 fatigat,
339 774 418 831 stirlte
427 776 551 842 blandus,
563 777 685 848 pondere.

121 852 243 910 Clamdre
253 851 355 906 domini
364 851 509 906 conoiwtur
517 850 626 916 itmilia,

122 927 259 998 iristesque
268 934 293 981 et
303 943 367 980 saxa
376 926 477 997 pissim
489 926 617 998 arripiens
626 925 714 990 dbvia,

123 1002 262 1063 rudentem
272 999 395 1068 mulotet;
416 1003 443 1055 et
451 1017 515 1055 mox
524 1001 652 1056 membris
662 999 787 1066 debilem,

123 1075 267 1148 fractisque
276 1075 359 1140 coxis,
371 1074 474 1130 domini
485 1074 589 1146 lapsum
600 1094 614 1130 o
624 1079 739 1147 odrpore,

123 1151 313 1207 semianimum
324 1148 429 1204 tandem
439 1149 527 1204 deiieit
536 1149 569 1205 ad
578 1151 723 1222 praesepio.

160 1225 278 1290 Fabella,
291 1225 397 1296 ineptus
411 1227 445 1279 ne
454 1241 483 1278 se
493 1223 585 1279 invitis
596 1228 707 1299 ingerat,

124 1299 240 1356 melioris
250 1306 296 1355 aut
305 1298 405 1354 affectet
414 1297 542 1365 oifioidm,
554 1299 635 1355 docet.

190 1487 232 1530 xl.
257 1486 363 1537 GRUS,
389 1487 529 1532 0012le
550 1488 597 1532 ET
620 1486 812 1532 RUSTIGUS.

161 1583 269 1646 Foedis
279 1592 378 1648 iuratae
387 1596 452 1668 gnis
462 1601 487 1650 et
496 1595 588 1650 oornix
599 1593 747 1660 idnxernnt,

122 1668 253 1722 oornioem
263 1684 329 1740 grus
340 1667 373 1723 ab
383 1669 479 1724 ivibus
490 1677 519 1724 ut
529 1668 686 1734 defenderet,

122 1743 216 1797 oornix
226 1740 323 1808 lutura,
334 1751 365 1799 nt
373 1747 438 1820 griis
448 1753 558 1802 caveret.
571 1743 675 1799 diceret.

122 1816 192 1871 liino
201 1819 286 1888 qudm
297 1815 445 1890 frequenter
457 1826 491 1874 rid
501 1819 640 1874 cuiusdam
652 1818 742 1874 rristioi

122 1893 219 1964 agrdm
232 1891 356 1957 volarent,
368 1898 447 1966 itque
459 1894 599 1949 evellerent
608 1902 663 1948 sate

122 1964 259 2034 radioitns,
272 1967 329 2041 agri
339 1967 463 2024 dominus
474 1968 549 2033 vidit,
561 1967 699 2023 ttdolens:

121 2040 225 2096 Saxdm
235 2039 278 2106 da,
289 2041 392 2108 clamat,
405 2049 458 2115 quo
469 2043 560 2099 feriam
569 2045 673 2117 gruem,
685 2059 759 2113 puer.

122 2115 224 2172 Cornix
235 2123 264 2170 ut
274 2117 356 2184 audit,
368 2118 439 2173 illioo
449 2122 537 2174 monet
545 2135 653 2192 gruem;

122 2191 176 2246 sibi
187 2207 255 2263 quae
265 2192 343 2246 cavit.
382 2178 440 2247 ilia
451 2193 512 2247 dein
525 2192 569 2246 die
577 2191 687 2247 addiens

121 2267 217 2320 cornix
226 2274 356 2336 petentem
365 2271 474 2322 sexum:
496 2285 591 2321 rursus
600 2269 748 2321 commonet

141 2357 227 2405 ruem,
241 2343 269 2395 dt
279 2341 371 2396 vitaret
380 2341 472 2396 sedulo
480 2339 639 2413 periculum.

120 2361 208 2470 {vem
219 2414 338 2470 divinam
349 2419 498 2488 srispioatus
509 2416 622 2471 rdstious

122 2489 217 2544 audire
227 2489 307 2557 iussa,
320 2494 415 2562 prieroz
434 2492 467 2556 si,
480 2491 575 2564 inquit,
587 2491 688 2557 dixero,

121 2562 202 2620 ellim
212 2563 255 2630 de,
268 2572 296 2620 tu
307 2567 374 2620 mihi
385 2566 452 2622 olam
463 2565 576 2638 lapidem
585 2567 699 2638 porrige.

123 2637 196 2694 orus
206 2639 286 2706 venit,
299 2639 344 2695 ille
353 2645 465 2713 pirorum
475 2641 553 2696 offam
564 2641 638 2696 iubet
647 2640 722 2705 dare;

122 2720 149 2768 at
159 2712 204 2768 ille
214 2713 337 2786 lapidem,
350 2718 404 2788 qno
414 2715 471 2771 ierit
479 2718 582 2790 gruem,
594 2714 675 2780 dedit,

162 2806 275 2860 Peneon.
295 2807 354 2862 Fre.
738 2803 758 2858 Ε
