2062 3020
930 91 948 122 ι

1011 185 1014 212 i

346 261 585 316 APPENDIX
622 259 671 317 lv.
836 265 878 316 lal

170 369 198 424 Si
208 370 355 426 tanuiorem
365 367 462 422 iuverit
471 369 607 438 potentior,

132 448 240 516 utrique
249 444 345 498 melius
355 441 435 498 luerit
443 450 468 497 et
476 443 617 514 prolixius.

223 612 301 656 XVII.
325 611 471 655 VULPES
487 611 544 656 ,ΕΤ
569 609 792 654 ERINACEUS.

171 693 306 757 Tranarat
315 703 361 757 alti
371 702 490 757 fluminis
499 700 593 773 vulpes
605 701 716 770 vedum3

132 775 179 830 sed
188 779 246 847 ripa
257 777 285 832 in
296 778 353 848 ipsa
361 786 386 832 et
395 778 448 833 aido
458 793 590 849 aquarum
599 776 719 849 margine

132 851 290 923 voraginoso
299 855 375 906 crura
388 851 505 924 deligans
516 850 571 905 luto

131 929 286 980 musearum
297 934 371 981 acuto
379 925 494 980 obnaxie
503 925 588 979 haesit
599 924 710 978 marsui.

132 999 219 1065 Quam
229 999 366 1054 destitutae
377 1000 464 1071 vulpis
474 1004 629 1054 aerumnam
640 998 740 1064 dolens,
926 1009 940 1052 t

131 1074 180 1145 qui
191 1072 255 1127 farte
264 1091 295 1129 eo
303 1073 442 1129 devenerat
451 1075 595 1138 erinaceus,

132 1152 251 1203 amanter
260 1148 438 1220 atquesadulo
447 1147 566 1203 officium
578 1165 669 1212 suum,

132 1223 157 1276 si
166 1240 220 1294 qua
230 1224 259 1276 ln
269 1241 298 1277 re
307 1240 364 1277 eam
375 1224 466 1278 iuvare
474 1230 570 1294 posset,
582 1222 685 1277 abtulit.

131 1296 220 1368 Atque
229 1297 302 1362 adeo,
315 1297 422 1368 quando
431 1299 531 1368 eripere
541 1305 565 1351 te
575 1296 654 1350 istino
663 1298 715 1350 nau
726 1312 803 1367 queo,

131 1371 183 1435 vis,
196 1372 294 1442 inquit,
307 1372 369 1425 istas
381 1375 409 1426 dt
417 1372 523 1445 abigam
532 1375 637 1425 muscas
647 1370 704 1433 tibi,
911 1380 938 1422 tu

132 1463 202 1517 quae
211 1453 236 1499 te
245 1444 379 1500 exedunt?
397 1446 516 1511 Minime,
529 1446 565 1500 ait
575 1444 629 1510 illa,
640 1444 774 1518 gentium:

132 1537 196 1574 nam
206 1521 229 1574 ai
240 1519 289 1574 had
298 1520 427 1586 recedant,
438 1523 507 1593 quae
516 1518 628 1591 repletae
637 1536 667 1574 ae
676 1519 796 1592 turgidae

133 1612 186 1648 non
197 1592 342 1648 admodum
352 1597 444 1650 nouare
454 1596 507 1648 iam
517 1595 593 1649 nobis
604 1600 715 1666 queunt,

133 1668 200 1724 aliae
209 1667 270 1723 llieo
279 1669 451 1724 sueeasserint
461 1667 603 1733 famelicae,

132 1760 201 1815 quae
211 1743 355 1815 relliquum
365 1761 471 1798 omnem
482 1743 639 1816 sanguinem
650 1745 781 1815 exsugam
793 1741 871 1796 mihi.
911 1751 938 1795 15

169 1817 231 1884 Qui,
244 1821 285 1872 ras
296 1819 388 1874 novari
397 1826 423 1873 et
431 1821 511 1892 regna
521 1817 628 1882 mutari,
640 1820 775 1888 expetunt,

132 1892 200 1964 quid
209 1893 330 1959 aliudhi,
343 1910 425 1966 quam
435 1893 522 1948 maius
533 1892 672 1947 adeersum
681 1888 802 1947 malum?
901 1925 904 1932 .

290 2063 382 2107 xvnt.
406 2065 473 2107 LEO
498 2065 546 2108 ET
571 2062 724 2107 VULPES.

169 2147 312 2210 Horrande
321 2154 440 2225 primum
450 2158 536 2228 quum
546 2155 630 2210 leonis
640 2154 711 2210 alleri

132 2229 233 2302 aspaxit
241 2247 295 2297 ora,
307 2233 370 2301 praa
379 2237 451 2284 metu
461 2228 555 2300 vulpas
568 2227 621 2284 lere

132 2305 248 2360 animam
258 2303 378 2376 reliquit3
399 2303 703 2359 vlsoeorursumdbvio

131 2380 221 2434 timuit
229 2376 340 2450 quidem
349 2378 403 2443 illa,
415 2378 462 2432 sad
471 2378 563 2433 miuus
571 2379 656 2433 multa
665 2385 767 2445 tamem

132 2453 246 2527 denique
256 2453 348 2508 datum
359 2453 387 2510 in
398 2456 566 2523 conspectum
576 2471 639 2507 eum
652 2453 705 2508 iam
718 2452 793 2507 tertio
924 2461 936 2504 5

131 2528 287 2600 mutampsit
295 2527 368 2594 adeo,
380 2535 411 2582 ut
422 2530 474 2582 nan
485 2526 557 2582 adire
567 2530 602 2582 alt
611 2527 699 2591 modo,

131 2602 177 2657 sed
186 2602 294 2674 adloqui
304 2619 411 2675 quoque
422 2605 486 2657 ausa
495 2601 666 2656 familiariter.

168 2677 377 2745 Quaetarribilia
387 2677 491 2732 suntab
502 2676 650 2740 insolentia,

132 2771 159 2808 ea
170 2752 256 2808 reddit
265 2752 409 2808 adsuetudo
418 2751 516 2807 blanda
526 2759 551 2806 et
560 2750 660 2806 mdllia.

728 2839 769 2893 12
