2062 3020
181 207 230 260 i'ii
367 201 517 257 FAERNI
543 199 736 256 FABULAE.

273 428 359 473 xcix.
375 429 452 478 LEO,
475 425 592 470 LUPUS
615 425 662 468 ΕΤ
685 425 834 469 VULPES.

217 534 341 615 Aegram
352 540 453 594 leonem
464 537 648 611 quadrupedes
659 538 781 605 invisere¹

179 621 296 671 cessante
307 615 361 670 sola
372 614 461 686 virlpe,
473 615 527 668 iam
537 630 628 667 omnes
639 615 750 670 iverant.

178 690 219 745 lbi
229 691 300 764 regis
310 707 386 745 aures
396 687 516 744 credulas
527 691 618 742 naonis
631 687 722 758 lupus,

179 765 336 820 ealirmniari
347 773 372 819 et
381 769 486 834 earpere
495 763 630 816 absentem
640 763 748 816 institit:

124 853 136 896 5
179 840 247 913 quid
256 858 314 894 eam
325 839 463 910 impedire,
478 837 545 910 quid
554 839 660 900 morari,
672 837 827 908 queminus

178 918 281 969 veniret
290 932 399 988 aegrum
409 917 498 986 regem
508 921 533 966 et
543 912 600 982 ipsa
612 914 705 975 visere,

179 990 232 1044 nisi
242 993 422 1045 centnmaeem
432 988 591 1059 spiritumet
601 987 762 1057 superbiam,

179 1082 233 1136 qna
242 1063 353 1138 gleriam
364 1063 397 1118 de
406 1065 467 1140 rege
477 1064 625 1132 contempte
633 1060 720 1132 petat?

179 1141 279 1194 Interea
290 1137 322 1193 ad
334 1139 391 1209 ipsa
402 1139 455 1192 iam
465 1139 610 1208 perorantis
620 1136 678 1206 lupi

124 1225 150 1268 io
181 1217 296 1268 extrema
306 1212 389 1267 ferme
399 1213 479 1267 verba
490 1211 584 1283 vulpes
594 1209 687 1274 adfuit,

180 1289 216 1343 ita
226 1292 255 1343 rit
264 1288 346 1359 probe
356 1304 462 1342 omnem
475 1286 546 1342 vaira
557 1303 612 1339 rem
622 1285 769 1340 eonieeerit.

179 1362 318 1418 Infremuit
327 1363 366 1416 ira
377 1363 502 1416 incensus
512 1362 541 1416 in
551 1359 660 1430 vulpam
672 1360 724 1426 le03

179 1455 248 1511 quae
258 1440 286 1491 se
296 1446 383 1492 tamen
394 1437 469 1510 gravi
478 1440 512 1490 ex
522 1453 619 1506 pavore
626 1434 762 1507 affligens,

178 1513 339 1568 defensionis
348 1515 486 1582 impetrate
494 1513 619 1580 tempora,

124 1599 149 1642 15
178 1593 301 1643 caussam
310 1605 387 1642 suam
397 1595 436 1640 est
446 1588 538 1640 exirsa
549 1587 577 1639 in
587 1584 656 1638 hane
665 1582 834 1638 sententiam:

177 1665 368 1736 gennesaret,
380 1662 452 1734 quis,
465 1660 562 1732 inquit,
574 1666 614 1713 esi
622 1675 655 1712 ex
665 1657 800 1721 ‹imnibus

178 1737 343 1809 quierimque
354 1737 381 1790 in
390 1738 464 1791 huno
473 1736 557 1790 coiere
566 1733 681 1808 regalem
692 1750 811 1805 specum,

179 1813 227 1884 qui
236 1809 285 1884 pr‘6
294 1810 378 1866 salute
387 1817 441 1866 tam
452 1811 576 1866 laborarit
586 1819 640 1874 tua,

178 1893 310 1959 quantum
319 1885 386 1958 ego‘?
404 1904 450 1956 per
459 1903 552 1940 omnes
561 1887 657 1939 misera
667 1888 826 1956 quaeterras
839 1884 868 1946 ir,

123 1972 150 2016 2⁰
179 1965 271 2015 omnes
282 1961 425 2024 medentes,
437 1960 498 2016 iana
507 1959 629 2015 consului
640 1958 738 2020 emnia,

178 2039 216 2090 uti
229 2036 376 2090 remedium
387 2038 540 2106 quaererem
550 2037 606 2106 regi
616 2051 688 2088 meo:

179 2111 339 2181 tandemque
349 2111 443 2181 reperi.
482 2111 555 2163 lirssa
569 2105 777 2179 proierreillieo:

178 2193 217 2250 ut,
229 2185 328 2256 inquit,
340 2183 475 2239 involvere
486 2183 597 2237 detracta
607 2199 697 2236 reeens

179 2267 204 2314 et
213 2259 301 2314 adhire
310 2259 409 2314 calente
417 2258 485 2328 pelle
495 2257 610 2314 viventis
621 2255 688 2326 lupi.

124 2345 149 2388 25
180 2334 248 2388 Sane
259 2333 334 2388 facile
343 2333 505 2387 medicamen
515 2339 563 2395 est,
575 2331 665 2401 inquit
677 2328 730 2384 leo:

179 2406 421 2478 lupusecceadestl
446 2407 577 2461 viventem
587 2422 649 2459 eum
662 2400 809 2477 degiuritai

179 2480 238 2546 Quo
247 2480 322 2545 iacto,
334 2480 431 2534 amaris
442 2479 486 2533 iiia
496 2497 558 2532 eum
568 2478 666 2534 facetiis

179 2556 304 2607 eonversa
315 2554 477 2607 semivivum
487 2553 519 2606 ad
533 2552 729 2608 adversarium:

179 2644 226 2678 eur
236 2625 348 2688 nirdum,
361 2627 405 2689 ait,
417 2634 441 2678 te
452 2627 480 2679 in
489 2627 597 2695 pirblioo
605 2627 690 2690 videri,
703 2623 784 2697 lupe?

125 2708 151 2750 30
180 2699 221 2751 An
232 2697 295 2750 ferte
305 2699 361 2751 fieri
371 2701 413 2751 vis
422 2699 570 2769 palaestrita
582 2704 597 2754 ὁ
609 2699 710 2773 coquo?
