2054 3024
176 619 397 699 AVIANUS
441 618 751 684 THEODOSIO.

383 799 562 810 *—

131 949 275 1013 Dubitanti
285 957 362 1023 mihi,
374 957 502 1012 Theodosi
511 957 618 1028 optime,
630 973 747 1029 quonam
755 955 843 1012 litera-

91 1050 152 1088 rum
164 1030 240 1086 titulo
250 1032 331 1086 nostri
345 1032 461 1087 nominis
476 1031 629 1086 memoriam
643 1031 838 1097 mandaremus,

92 1106 244 1162 fabularum
254 1113 339 1160 textus
349 1107 473 1162 occurrit:
494 1107 565 1179 quod
577 1107 604 1161 in
615 1106 658 1160 his
668 1106 769 1162 urbane
780 1124 842 1162 oon·

92 1189 167 1252 cepta
186 1180 286 1235 falsitas
305 1181 405 1246 deceat,
431 1189 457 1236 et
475 1197 527 1236 non
549 1181 684 1236 incumbat
703 1182 842 1236 necessitas

93 1256 221 1311 veritatis.
260 1257 327 1310 Nam
347 1257 410 1328 quis
429 1263 516 1311 tecum
534 1256 566 1310 de
584 1256 711 1321 oratione,
734 1257 796 1329 quis
809 1255 842 1310 de

92 1332 212 1402 poemme
231 1328 398 1402 loqueretur?
426 1348 511 1403 quum
530 1331 558 1385 in
577 1337 689 1402 utroque
708 1330 841 1385 literarum

91 1422 189 1478 genere
198 1411 223 1458 et
233 1404 330 1459 Attinas
341 1405 439 1460 Graeca
448 1405 594 1460 eruditione
603 1422 725 1476 superes,
737 1413 762 1459 et
771 1407 842 1460 Lati-

93 1480 175 1534 nitate
183 1478 332 1534 Romanos?
361 1480 445 1534 Huius
456 1497 517 1552 ergo
527 1480 649 1534 materiae
658 1479 752 1534 ducem
766 1480 842 1534 nobis

92 1555 228 1625 Aesopum
243 1555 361 1620 noveris,
383 1556 431 1627 qui
446 1571 570 1626 responso
583 1553 699 1625 Delphici
712 1553 842 1625 Apollinis

93 1630 212 1683 monitus
222 1627 333 1683 ridicula
342 1645 419 1683 orsus
428 1637 473 1695 est,
485 1637 515 1684 ut
525 1629 633 1703 legenda
644 1629 766 1684 firmaret.
792 1629 842 1684 Ve-

93 1720 156 1758 rum
176 1703 224 1757 has
243 1720 291 1774 pro
310 1703 430 1774 exemplo
452 1703 553 1759 fabulas
571 1712 596 1757 et
609 1703 724 1758 Socrates
743 1703 843 1757 divinis

92 1777 218 1848 operibus
237 1778 346 1841 indidit,
366 1787 390 1832 et
408 1779 520 1849 poemati
539 1796 588 1832 suo
602 1776 710 1832 Flaccus
729 1778 840 1848 aptavit;

16 1861 20 1871 “
93 1852 167 1925 quod
177 1855 205 1906 in
216 1869 257 1917 se,
275 1853 325 1906 sub
335 1853 451 1907 iocorum
461 1853 644 1907 communium
660 1853 758 1923 speeie,
775 1852 843 1906 vitae

93 1934 250 1999 argumenta
260 1928 420 1995 contineant3
433 1945 500 2000 quas
510 1928 616 1982 Graecis
626 1927 722 1981 iambis
731 1927 842 1981 Babrius

93 2009 212 2072 repetens
222 2002 249 2055 in
260 2001 313 2056 duo
323 1999 457 2057 volumina
466 2003 598 2057 coartavit.
620 2001 754 2055 Phaedrus
764 2002 843 2055 etiarn

92 2083 195 2147 partem
215 2074 332 2147 aliquam
352 2077 473 2147 quinque
491 2078 518 2130 in
538 2074 639 2131 libellos
654 2075 766 2130 resolvit.
806 2076 842 2130 De

93 2151 137 2204 his
151 2166 214 2222 ergo
228 2148 262 2214 ad
278 2149 452 2223 quadraginta
464 2159 489 2205 et
503 2151 569 2206 duas
583 2152 612 2205 in
627 2168 713 2206 unum
726 2149 841 2205 redactas

93 2222 198 2279 fabulas
208 2222 289 2289 edidi,
302 2242 369 2297 quas
378 2225 439 2279 rudi
449 2226 586 2280 Latinitate
595 2226 751 2300 compositas
761 2224 841 2298 elegis

93 2316 155 2352 sum
166 2297 297 2368 explicare
306 2308 424 2354 conatus.
464 2299 548 2354 Habes
557 2317 619 2374 ergo
628 2317 709 2372 opus,
721 2317 775 2372 quo
785 2300 842 2354 ani-

93 2390 170 2427 mum
181 2372 301 2438 oblectes,
314 2374 452 2446 ingenium
462 2391 591 2436 exerceas,
606 2374 796 2429 sollicitudines
806 2373 843 2428 le-

93 2465 154 2511 ves,
178 2455 314 2519 totumque
332 2448 439 2502 vivendi
459 2447 579 2502 ordinem
597 2456 691 2504 cautus
704 2465 839 2521 agnoscas.

93 2521 180 2594 Loqui
195 2539 257 2576 vero
271 2522 389 2587 arbores,
407 2521 474 2576 ieras
487 2538 549 2575 cum
563 2522 718 2577 hominibus
727 2539 839 2594 gemere,

95 2596 183 2650 verbis
193 2603 290 2650 certare
299 2595 427 2661 volucres,
440 2593 564 2650 animalia
576 2595 661 2651 ridere
670 2595 793 2661 iacimus;
815 2605 842 2648 ut

93 2685 142 2740 pro
160 2669 330 2743 singulorum
345 2669 542 2724 necessitatibus
557 2669 599 2725 vel
614 2671 647 2725 ab
662 2670 727 2742 ipsis
747 2669 843 2723 animis

94 2743 385 2816 sententiaproferatur.
603 2749 605 2756 ’

130 2837 313 2892 Parauaea.
677 2833 700 2888 G

913 757 915 764 ’
1003 780 1006 842 i
