2062 3020
161 164 209 216 tst
346 160 495 214 FAERNI
523 157 718 215 FABULAE.

104 279 130 322 to
160 267 271 322 deterior
280 285 353 322 nuno
361 275 400 320 est
409 266 485 322 visus
494 266 571 331 mihi,
584 284 666 338 quam
676 266 726 320 tuit
738 274 811 323 ante:

159 342 259 414 quippe
268 341 340 396 domi
351 350 472 415 oongesta
482 341 557 412 prius
568 358 637 413 quae
647 341 730 395 multa
740 342 877 408 videbam,

158 433 407 488 nunc,quoeunque
417 415 506 470 oeulos
516 423 597 480 verto,
605 415 642 469 nil
654 416 798 487 oonspioor,
811 417 917 488 inquit.
1018 427 1019 476 ζ

196 491 376 563 Corrumpunt
389 490 505 544 multum
521 497 599 562 atque
613 490 754 618 hopinpum
767 491 800 546 de
809 499 919 562 pectore
1018 487 1019 570 ᾗ

1018 573 1019 598 i

159 639 264 694 offensis
274 657 323 694 sua
332 657 408 710 saepe
419 639 495 694 novis
504 637 636 694 benefacta
645 573 743 710 prioibi

228 826 314 868 thx.
338 826 469 870 ASINUS
491 827 650 872 bonatNos
673 825 833 870 MUTANS.

197 928 297 992 Olitdri
307 937 404 992 asellus
413 939 539 1003 serviens,
552 938 625 1010 quod
634 939 725 1010 ptbnt

159 1029 241 1084 quam
252 1013 397 1066 minimum
407 1013 525 1077 haberet,
541 1012 614 1084 quod
624 1013 721 1068 laboris
731 1013 892 1085 plurimum,

159 1089 248 1143 Iovem
258 1089 297 1140 est
307 1095 435 1158 precatus,
448 1091 478 1142 tit
486 1088 538 1142 sibi
548 1087 632 1142 alium
642 1088 736 1142 herum
747 1087 829 1142 daret.

158 1161 235 1216 Dedit
245 1161 290 1215 ille
300 1161 427 1235 figulum:
449 1165 492 1216 oui
504 1161 590 1216 lutum
600 1161 710 1217 adsidue
718 1162 803 1217 terens

103 1247 115 1290 t
159 1235 293 1307 durosque
303 1235 393 1290 lateres
402 1237 557 1309 tegulasque
566 1239 731 1309 praegraves,
787 1265 790 1270 ·

158 1310 291 1382 iniquiore
300 1313 368 1365 sorte
378 1311 469 1375 multo,
482 1316 564 1383 quem
578 1311 662 1382 prius,

159 1385 261 1458 agebat.
300 1386 371 1458 Ergo
381 1384 477 1450 denuo,
489 1385 629 1440 dominum
638 1385 690 1440 sibi

158 1463 260 1515 mutare
270 1460 309 1514 uti
321 1459 417 1524 liceret,
432 1463 517 1514 oravit
526 1462 625 1515 Iovem.

157 1533 216 1601 Quo
225 1533 385 1589 adsentiente
397 1535 520 1588 venditus
529 1536 646 1598 eoridrio

102 1619 128 1662 10
158 1609 197 1663 ibi
207 1611 269 1664 vero
282 1609 411 1673 acerbam,
425 1607 570 1664 luctuosam
580 1617 605 1663 et
613 1608 741 1681 perditam

157 1683 238 1738 miser
249 1684 367 1739 trahebat
375 1685 457 1738 vitam
467 1692 579 1738 onustus
589 1683 691 1738 foetidis

156 1757 266 1813 iratrdm
277 1776 388 1813 suorum
399 1757 583 1836 adfiniumque
595 1759 721 1830 pellibus,

158 1835 227 1888 Tum
237 1835 311 1889 utste
320 1833 432 1888 rudens:
454 1833 509 1887 Ah!
532 1850 622 1904 quam,
636 1833 679 1898 ait,
695 1832 777 1885 satiris
785 1830 845 1895 fuit,

157 1910 257 1964 servire
266 1909 419 1964 servitutem
429 1908 500 1962 heris
510 1908 654 1978 prioribus.

102 1993 128 2037 15
157 1984 205 2037 Hio
215 1984 296 2048 enim,
309 1987 338 2038 tt
348 1983 433 2048 video,
445 1982 492 2036 ubi
503 1985 545 2035 me
555 1981 643 2036 labore
652 1980 782 2044 occiderit,

156 2059 258 2113 eonium
269 2075 376 2130 quoque
384 2060 503 2112 exemere
511 2065 601 2130 perget
614 2057 721 2112 mdrtui.

194 2133 295 2188 Mutare
304 2133 443 2186 dominum
453 2134 505 2186 ndu
516 2133 568 2186 nisi
578 2133 606 2186 in
615 2132 691 2203 peitis
701 2130 786 2184 datur.

321 2317 396 2361 Lxx.
420 2321 536 2365 CERVA
559 2320 605 2364 ΕΤ
629 2319 738 2364 Vl'rls.

195 2420 265 2482 Vim
275 2437 430 2484 venatorum
440 2429 541 2504 fugeret
550 2449 636 2504 quum
646 2448 721 2486 cerva
735 2437 904 2502 sequentum,

156 2499 263 2555 frondea
274 2519 390 2558 ramosae
399 2505 508 2558 subiens
518 2506 673 2560 umbracula
683 2505 746 2559 vitis

157 2573 268 2638 delituit,
280 2575 369 2640 donec,
381 2579 435 2632 iam
445 2579 640 2634 discedentibus
653 2579 715 2644 illis,

156 2655 250 2701 serata
260 2648 313 2702 iam
323 2657 404 2704 tutam
416 2651 619 2725 defunctamque
628 2671 685 2708 esse
693 2653 800 2725 periclo,
