2062 3020
128 171 176 226 ⁴52
310 166 457 221 FAERNI
489 166 682 221 FABULAE.

126 277 227 330 teneres
237 273 324 329 adhue
334 284 358 328 et
368 273 517 330 involucres
530 272 631 328 saeviit.

126 349 198 416 Quos
209 348 337 404 dstulatos
350 349 497 402 decidentes
507 348 606 412 atthone,

125 427 256 495 spectente
265 431 347 477 matre
357 431 382 477 et
390 421 467 477 flente
477 425 598 476 natorr'rm
608 421 702 485 vicem,

127 497 227 569 duplici
238 498 340 552 voravit
349 497 414 552 laeta
424 497 518 566 vulpes
527 494 633 568 gaedio.

72 581 98 625 ³5
164 570 217 637 Oui
227 574 332 626 tenuem
343 572 458 626 amicum
469 570 556 634 laedit,
572 569 635 622 hine
644 568 667 622 si
680 567 838 624 humenitus

127 646 236 717 imprme
245 645 332 710 fuerit,
347 647 468 700 imminet
477 642 575 699 vindex
585 645 664 698 Deus.

374 815 442 858 LXI.
472 813 623 858 VULPES.

166 909 332 990 Comprensa
343 918 436 989 laqueo
446 919 474 972 in
484 921 546 989 sepe
554 915 648 988 vulpes
657 916 745 971 ebdito

127 992 271 1065 implexam
283 994 311 1048 in
320 992 454 1048 evadendo
463 992 574 1046 eandam
583 991 708 1062 perdidit.

126 1066 157 1120 Id
167 1070 190 1121 ei
201 1067 334 1122 molestiae
343 1072 373 1121 eo
381 1067 477 1139 pudori
488 1072 559 1121 tento
567 1072 630 1129 erat,

127 1144 168 1195 uti
178 1141 229 1196 sibi
239 1159 297 1196 esse
306 1146 388 1196 vttam
398 1143 518 1196 acerbam
531 1141 645 1195 deiceret.

128 1215 244 1270 Tandem
256 1217 305 1270 hec
313 1216 422 1270 remedii
432 1216 597 1288 exedgitavit
613 1213 704 1268 deteris

127 1297 158 1344 ut
168 1290 294 1363 vdlpibus
304 1289 433 1355 suaderet,
445 1298 475 1345 ut
483 1289 580 1344 caudes
593 1289 654 1351 sibi,

128 1367 196 1419 onds
205 1364 346 1419 molestum
356 1363 616 1435 inoemmodumque‚
629 1361 826 1428 abscinderent3

128 1439 163 1494 ite
173 1439 280 1510 pdblieo
289 1439 413 1497 dedecore
422 1447 518 1492 tectum
532 1439 565 1491 irr'
576 1454 666 1490 snum.

127 1513 207 1586 Ergo,
219 1513 342 1569 edvocate
352 1515 475 1568 oencione
485 1512 617 1583 vdlpium‚

74 1597 100 1640 rt
127 1587 225 1642 horteri
235 1588 268 1643 ad
278 1588 307 1642 id
315 1587 482 1642 vehementer
492 1586 551 1640 illas
565 1585 668 1638 institit.

129 1661 179 1716 Cui
190 1666 248 1716 tr'nn
259 1662 382 1717 renidens
393 1665 446 1717 dna
460 1661 493 1715 de
502 1659 689 1731 populeribns:

128 1754 162 1790 an
172 1739 209 1800 td,
221 1738 285 1808 quia
295 1735 366 1791 istud
375 1735 490 1806 expedit,
502 1737 582 1798 sores,
593 1733 651 1797 tibi,

128 1810 230 1875 idcireo,
243 1812 288 1874 ait,
300 1811 347 1865 das
358 1810 449 1863 deteris
458 1810 508 1863 hoc
515 1805 627 1862 odnsilii

166 1886 195 1938 ln
206 1885 320 1955 pr'rbliois
331 1883 563 1937 deliberatidnibus

74 1968 99 2011 15
127 1957 248 2031 plerique
258 1967 359 2012 tantum
369 1956 514 2012 eemmodis
526 1958 583 2010 suis
594 1954 709 2008 student.

206 2111 278 2154 LXII.
300 2111 488 2155 mennon
510 2110 557 2152 ΕΤ
579 2105 796 2152 MERCURIUS.

165 2192 276 2271 Prdpter
285 2217 389 2255 amnem
401 2199 474 2274 ligna
484 2199 594 2254 caedens
608 2201 693 2270 qudm
707 2196 821 2252 securim
832 2199 877 2250 rd-

568 2274 650 2327 sticns
774 2323 778 2332 ,

128 2346 193 2402 ferte
204 2345 304 2417 lapsam
314 2346 471 2418 perdidisset
480 2350 508 2401 in
518 2346 649 2418 profundo
661 2345 774 2419 gdrgite‚

130 2418 169 2472 leo
231 2438 278 2473 ans
287 2423 367 2474 sunm
377 2420 463 2474 dolere
473 2422 557 2492 eoepit
567 2420 753 2476 infortdnium.
785 2459 789 2475 .

131 2491 181 2545 Cui
225 2493 334 2564 nignam
345 2496 421 2562 opem
432 2495 556 2549 misertus
566 2495 661 2550 dbtulit
671 2492 819 2566 Cyllenius,

74 2571 88 2615 t
129 2565 156 2617 et
164 2564 252 2617 statim
261 2566 381 2618 urinetns
392 2567 445 2620 imo
454 2568 487 2620 ab
498 2571 584 2639 risque
593 2567 676 2622 iundo
688 2565 808 2622 ssdminis

129 2637 236 2689 aereum
245 2636 354 2690 efferens
364 2641 486 2703 securim,
499 2659 564 2694 num
575 2642 632 2696 eius
644 2650 720 2706 esset,
733 2640 858 2712 quaesiit.

16 2878 113 2950 Δ
