2030 3022
152 241 187 283 W

152 359 266 418 quoque
284 341 416 413 eundem,
429 343 524 418 quiin
539 341 601 398 cod.
616 341 736 412 obtinet,
750 341 883 412 fecimus,
899 343 958 398 nisi

152 440 229 516 quod
247 440 296 496 lib.
314 437 363 496 tv.
377 441 489 497 fabulas
503 439 517 496 1
531 449 561 497 et
573 439 600 496 11
616 443 692 497 inter
709 460 741 497 se
760 439 957 498 distinximus.

152 539 297 596 ,docentus
310 540 499 596 ianubicorum
512 559 649 597 versuum
662 539 778 610 itidem,
793 541 837 594 uti
852 541 882 594 in
896 543 959 614 pri-

153 641 229 695 stina
244 639 372 694 editione
385 639 505 710 facturn,
519 639 755 715 significavimus.

215 737 394 816 Appendices
407 738 558 808 accedunt,
567 741 690 812 primum
703 739 839 812 anonymi
847 741 958 796 veteris

152 837 276 909 fabulae,
288 856 305 893 a
315 835 410 892 Gudio
423 837 587 911 publicatae
600 847 629 892 et
641 834 831 892 aBurmanno
846 838 876 891 in
889 856 959 894 ver·

153 957 201 994 aus
213 937 361 1009 redactae3
383 936 486 992 deinde
500 934 569 992 iulii
583 935 731 992 cuiusdam
744 933 869 991 Phaedri
882 955 958 1012 quae

153 1019 300 1107 feruntur,
321 1053 450 1110 quaeque
466 1038 591 1109 primum
610 1053 684 1090 anno
700 1033 758 1090 hui.
778 1055 835 1091 sec.
850 1032 905 1091 Xl.
921 1055 957 1092 ex

154 1136 253 1192 codice
271 1135 462 1208 Neapolitano
482 1153 498 1190 a
518 1133 637 1190 {anellio
657 1135 752 1190 editae
773 1143 849 1190 sunt.
893 1131 956 1191 Has

154 1238 305 1310 excipiunt
316 1233 410 1290 Flavii
420 1232 541 1304 Aviani,
554 1252 621 1304 seu,
631 1243 665 1290 ut
674 1232 888 1290 Wernsdorfrus
903 1254 957 1290 vo-

154 1335 224 1405 luit,
241 1331 519 1404 Frontonianum,
538 1331 685 1390 Macrobio
701 1332 882 1403 Theodosio,
899 1331 956 1390 Sa-

154 1435 309 1490 turnalium
329 1435 480 1508 scriptori,
499 1434 626 1506 dicatee3
654 1432 777 1508 densique
791 1431 898 1488 Fotirni
911 1430 956 1489 soss

153 1533 237 1598 bulae
257 1542 387 1604 centum,
407 1552 479 1610 quae
497 1535 582 1605 olim,
599 1542 666 1589 ante
678 1530 840 1589 Phaedrum
857 1551 956 1607 reper-

153 1641 230 1705 tum,
244 1635 329 1690 unice
343 1634 526 1710 legebantur,
541 1653 579 1690 ex
592 1633 720 1689 editione
734 1629 886 1708 Boysenii,
901 1634 954 1688 aii-

153 1743 224 1810 quot
235 1742 331 1790 tamen
345 1733 416 1788 locis
431 1750 448 1787 a
462 1734 545 1789 nobis
560 1733 734 1788 emendatae.

216 1830 264 1889 Ex
282 1832 384 1908 quibus
404 1832 550 1902 omnibus,
574 1831 624 1887 sed
642 1832 796 1904 praecipue
808 1838 906 1885 tamen
920 1849 956 1886 ex

153 1934 289 2010 genuinis
302 1930 442 2001 Phaedri,
459 1939 492 1987 ut
509 1948 595 2006 quam
612 1930 768 1985 maximam
785 1938 815 1983 et
827 1929 957 1987 obiecta-

153 2034 263 2088 tionem
278 2041 307 2087 et
320 2031 481 2086 doctrinam
494 2029 630 2086 hauriant
643 2021 775 2097 lectores,
794 2041 936 2103 optumae.

217 2179 280 2237 Sor.
298 2177 374 2254 Lips.
392 2198 429 2235 m.
446 2175 518 2236 Dec.
536 2197 562 2235 a.
579 2175 671 2234 xLfl.

580 2346 616 2415 0.
644 2345 693 2415 H.
725 2343 878 2414 Wes‘ee.
