2062 3020
354 241 591 300 APPENDIX
627 241 677 296 lV.
838 244 887 297 l63

139 353 252 405 revertor
263 367 293 405 ac
302 350 440 413 distentus,
453 356 483 402 ut
493 366 525 402 ne
535 349 620 420 ipsam
633 348 751 419 quidem,

139 443 192 496 qua
202 442 324 498 egressus
334 425 395 479 inde
405 441 475 488 sum
487 441 559 478 vram
569 422 810 477 animadverterim

176 499 228 565 Qui
237 499 375 570 pbllicetur
385 502 499 570 cumque
509 497 541 552 de
551 497 636 552 alienb
646 497 694 550 tibi

140 572 298 639 benefacere,
311 574 374 627 huic
383 583 421 638 tu
433 575 456 626 si
467 573 547 642 sapie,
560 589 592 626 ne
602 571 687 626 ildito.

267 759 377 804 LXXXI.
401 759 525 802 slnssus
547 759 594 802 ΕΤ
617 759 763 802 VULPES.

177 856 391 938 Quadrupedum
402 866 430 919 in
440 872 514 920 coetu
524 883 610 937 quum
619 865 766 921 saltavisset
777 866 885 922 honeste

138 943 243 1006 simius,
256 942 329 995 hunc
338 941 398 995 illae
407 957 496 1013 regem
506 941 699 1012 dominumque
711 951 841 996 crearunt.

139 1017 216 1070 Tacta
225 1015 272 1070 sed
281 1015 381 1070 invidia
392 1023 417 1069 et
428 1032 508 1069 sensu
519 1015 610 1069 livoris
621 1015 708 1086 iniqui

136 1090 232 1162 vulpes
242 1089 314 1145 vafra
325 1107 424 1144 novum
434 1089 548 1144 instituit
556 1097 703 1160 pervertere
714 1107 814 1163 regem.

137 1165 232 1237 Atque}
244 1165 388 1219 observatis
398 1164 432 1218 ad
441 1181 553 1234 opacum
563 1163 682 1218 cassibus
692 1179 808 1229 antrum,
928 1175 941 1216 5

137 1241 192 1294 huc
201 1239 278 1293 illurn
288 1239 407 1304 adduxit
419 1247 556 1309 tamquam
565 1245 701 1292 ostensura
710 1248 842 1310 repertum

138 1315 171 1370 ab
182 1332 210 1368 se
218 1313 382 1375 thesaurum,
395 1330 443 1385 qur
436 1313 510 1385 'lege
521 1320 546 1365 et
556 1312 692 1366 moribus'
685 1313 737 1382 ipsi

137 1389 282 1453 deberetur,
296 1389 335 1442 utr
345 1407 400 1460 regi
410 1405 553 1458 rerumque
562 1387 670 1458 potenti

138 1462 267 1519 Credulus
277 1463 322 1517 ille
332 1463 399 1517 dolis
410 1463 534 1516 inductus
545 1469 569 1516 et
582 1469 635 1516 arte
645 1458 752 1533 Pelasga

137 1537 312 1594 inconsultius
322 1537 516 1609 adproperans
509 1555 537 1590 rn
550 1536 654 1592 vincula
665 1553 722 1590 sese
914 1545 940 1588 10

137 1613 225 1668 induit
235 1611 327 1666 infelix
336 1620 361 1666 et
369 1613 465 1682 opertis
476 1612 595 1668 cassibus
605 1612 697 1674 haesit,

137 1705 195 1743 sero
204 1686 400 1742 animadversas
409 1685 514 1741 fraudes
524 1694 549 1740 et
558 1687 657 1757 perfida
670 1684 757 1755 vulpis

137 1761 246 1818 consilia
256 1762 392 1816 incusans
431 1761 481 1816 Cui
491 1761 599 1832 vulpes·
621 1759 733 1814 Obcncl
749 1759 825 1824 dixit,

136 1847 201 1892 tune
210 1837 259 1890 rsto
268 1835 337 1890 male
347 1854 411 1891 sano
420 1853 518 1900 animo
530 1843 561 1890 tu
571 1835 693 1890 sensibus
704 1833 762 1887 istis

137 1911 341 1985 quadrupedum
352 1929 398 1966 rex
408 1929 464 1966 esse
474 1911 563 1976 audes,
576 1910 739 1981 sceptrisque
748 1906 845 1979 potiri‘?
914 1918 940 1962 tt

104 1983 107 1990 ’
175 1986 295 2042 Ostendit
307 1987 466 2041 commissus
481 1986 578 2052 honos,
600 2002 681 2056 quam
697 1983 812 2055 quisque
825 1998 885 2052 pro-

632 2059 744 2114 bandus

203 2249 324 2292 Lxxxu.
347 2247 497 2296 VULPES,
522 2247 656 2290 ASINUS
678 2247 724 2289 ΕΤ
747 2249 819 2289 LEO.

175 2353 284 2432 Vulpes
294 2368 319 2414 et
328 2361 427 2424 asinus,
441 2358 560 2413 sccietete
570 2361 707 2423 cdntra'cta,

137 2435 238 2490 simul'
230 2454 258 2489 ln
269 2433 383 2488 ferarum
394 2432 492 2488 lustra'
486 2449 537 2486 rere
548 2434 683 2486 venatum.

136 2511 172 2564 lis
182 2513 266 2582 quirin
279 2509 318 2563 leo
327 2509 490 2572 occurrisset,
504 2506 573 2560 ilicet
583 2506 685 2576 vulpes,

136 2587 226 2640 tantc'
218 2604 246 2637 rn
257 2591 328 2637 metu
338 2548 508 2654 periculcque
520 2581 656 2651 deprensa,

137 2663 199 2714 suris
209 2657 242 2713 ad
253 2677 281 2711 ar
284 2665 319 2710 tes
330 2656 510 2726 malitiamque
520 2654 645 2726 cenfugit

137 2733 260 2788 Sedrsum
271 2733 304 2786 ab
314 2731 388 2785 asino
397 2735 458 2785 narn
470 2730 542 2786 leone
552 2731 687 2792 cdnvcutc,

721 2820 773 2878 te
