2062 3020
309 221 547 276 APPENDIX
584 223 634 277 IV.
793 223 842 277 457

90 329 149 402 ipsa
159 345 223 383 suas
234 345 297 382 ausa
307 335 347 382 est
356 345 447 382 morsu
456 331 588 404 exagitare
598 329 709 384 latebras
883 341 896 386 5

89 413 115 462 et
125 404 177 458 sibi
186 410 333 476 praetentas
343 402 420 458 avide
430 403 567 476 decerpere
576 403 691 459 frondes.

89 479 176 546 Quem
187 486 290 532 motum
299 495 432 532 ramorum
445 480 593 552 agitataque
603 481 671 534 vitea
680 487 745 534 tecta

89 553 211 609 conversi
221 560 356 608 venatores
366 570 452 624 quum
463 553 527 608 forte
536 553 664 618 viderent,

88 626 159 682 illud
168 627 276 698 opinati,
289 627 362 698 quud
372 635 433 690 erat,
447 628 498 682 sub
508 627 599 682 fronde
609 627 731 682 latentem

88 719 146 757 esse
156 701 248 765 feram,
261 702 337 756 certis
347 702 472 756 miseram
484 702 563 756 fixere
576 703 687 774 sagittis.
869 712 895 754 ru

88 777 163 844 Quae
173 775 288 831 moriens
298 775 436 848 calidoque
444 777 562 832 animam
571 794 633 830 cum
642 777 772 848 sanguine
780 775 842 832 luu-

588 851 667 906 dens:

88 927 156 990 iure,
169 924 214 990 ait,
228 924 278 979 hoc
288 927 385 996 patior:
407 925 574 997 nequeenim
585 943 716 998 umquam
730 925 838 992 laedere,

360 1015 363 1020 ·
588 1019 709 1073 quaeme

87 1081 216 1138 servarat,
228 1073 365 1138 debebam,
378 1083 424 1128 aut
435 1074 499 1129 tales
509 1076 617 1131 reddere
629 1077 728 1150 grates!

126 1149 223 1204 Divina
234 1149 350 1222 ingratos
361 1149 481 1218 homines
491 1148 628 1204 ulciscitur
639 1152 686 1205 ira.

237 1299 323 1380 cxxi.
346 1317 468 1380 aaran
492 1337 539 1380 ar
563 1338 696 1382 aaran

127 1440 281 1504 Damnatus
292 1451 370 1503 morti
380 1449 446 1504 latro
454 1449 599 1504 ducebatur
608 1451 723 1514 acerbae,

88 1525 171 1598 digna
182 1531 333 1594 recepturus
344 1525 481 1580 sceleratae
490 1527 608 1597 praemia
617 1526 696 1581 vitae,

88 1599 139 1655 Cui
149 1616 177 1653 se
188 1600 216 1653 in
227 1608 395 1670 conspectum
405 1607 487 1654 mater
497 1617 584 1672 quum
595 1610 693 1656 moesta
702 1599 824 1665 dedisset,

88 1674 258 1748 ingeminans
270 1674 336 1728 tristi
347 1675 510 1730 miserandas
521 1692 584 1730 voce
593 1675 723 1746 querelas,

89 1748 142 1814 ille,
155 1757 185 1803 ut
195 1766 253 1802 earn
263 1748 345 1803 adfari
355 1757 394 1804 est
402 1752 549 1822 permissus
559 1757 584 1802 et
595 1749 683 1804 oscula
694 1748 768 1814 ferre,
884 1759 896 1802 5

88 1831 220 1879 maternos
232 1840 322 1878 morsu
333 1825 361 1878 in
372 1823 462 1879 vultus
472 1824 570 1878 invasit
579 1831 663 1889 acute,

88 1907 195 1971 totaque
204 1897 318 1954 foedavit
328 1898 445 1953 laceratis
456 1899 565 1953 naribus
575 1916 630 1953 ora.

87 1973 213 2028 Detestari
223 1973 360 2028 hominem
372 1971 447 2046 plebs
457 1972 626 2038 circumfusa,
639 1989 730 2029 vocare

88 2049 234 2102 immanem
244 2049 412 2119 parricidam,
426 2048 587 2103 atrocissima
598 2065 719 2120 quaeque

87 2123 174 2177 dicere
184 2123 314 2194 supplicia
325 2131 350 2176 et
358 2139 503 2194 poenarum
514 2123 633 2195 exempla
644 2121 748 2177 mereri.
868 2129 894 2172 lu

87 2198 194 2264 Audite,
207 2197 252 2252 illa
262 2197 358 2270 inquit,
371 2199 455 2252 cives:
477 2215 529 2252 neu
538 2198 649 2253 crimine
658 2204 730 2252 tantu

88 2272 186 2326 indicta
196 2288 288 2326 caussa
300 2271 462 2325 immeritum
473 2272 598 2327 damnare
607 2273 708 2328 velitis!

87 2347 170 2402 Exilii
181 2346 248 2400 mihi
259 2363 376 2418 namque
386 2353 464 2417 caput
474 2347 607 2418 pestisque
617 2345 745 2403 nefandae

87 2439 180 2476 caussa
191 2421 255 2475 haec
265 2421 319 2476 sola
330 2419 393 2476 fuit:
405 2427 488 2474 mater
498 2421 566 2474 mihi
576 2439 668 2477 caussa
679 2419 742 2475 mali
752 2416 840 2472 omnis

87 2496 142 2551 sola
152 2495 211 2557 fuit.
223 2494 366 2568 loedaeque
375 2495 457 2550 huius
468 2495 535 2549 mihi
545 2497 636 2550 mortis
647 2496 729 2568 origo,

88 2572 142 2624 iam
152 2570 215 2625 inde
226 2589 311 2642 usque
321 2570 354 2625 ab
363 2569 460 2624 studiis
469 2577 548 2641 atque
558 2589 573 2626 a
582 2570 729 2642 puerilibus
740 2567 826 2630 annis,

88 2654 214 2716 tempore,
226 2662 281 2716 quo
290 2645 446 2716 subreptum
457 2645 575 2716 aequalis
585 2643 648 2699 forte
657 2642 786 2706 libellum,

88 2737 178 2776 rerum
189 2719 299 2793 ignarus
310 2718 398 2774 adhuc
407 2726 433 2774 at
442 2719 545 2774 honesti
555 2720 668 2785 nescius,
680 2717 732 2790 ipsi
