2054 3024
340 214 672 272 APPENDIXrH.
833 218 877 270 101

127 327 242 393 {matun
251 327 352 391 ipnctce
361 333 459 378 mutato
470 330 578 393 momine
585 329 675 395 sallas,

166 407 195 452 at
203 401 275 460 miti,
287 404 332 466 qui
342 403 480 468 quamam,
491 416 590 467 semper
599 403 697 455 asellas
709 404 769 454 eris.

303 568 345 626 vr.
369 569 465 612 rei-ina
490 571 537 613 ar
561 570 707 614 vunrrs.

127 671 211 732 Edita
221 678 383 750 gurgitibus,
396 678 513 750 olimque
522 682 644 734 immersa
659 678 800 749 profundo,

165 760 191 806 et
202 752 279 807 luteis
290 760 391 807 tanturn
402 770 504 824 semper
515 754 599 808 amica
609 754 694 818 vadis,

127 827 161 882 ad
172 844 281 898 superos
292 827 380 892 colles,
393 827 557 900 herbosaque
567 835 640 900 prata
650 845 795 895 recurrens,

165 902 298 956 mulcebat
307 903 417 956 miseras
426 903 531 976 turgida
542 902 690 967 recasuras,

126 976 222 1031 callida
232 977 304 1048 quod
313 983 399 1048 posset
407 979 535 1050 gravibus
545 978 815 1044 succurreremorbis‚
920 988 932 1031 5

163 1060 189 1106 et
199 1051 280 1107 vitam
291 1052 397 1124 ingenio
406 1053 559 1108 continuare
568 1071 627 1107 suo.

126 1127 181 1181 Nec
190 1144 218 1180 se
228 1127 339 1182 Paconio
349 1127 425 1180 iactat
435 1128 543 1181 cessisse
554 1127 688 1200 magistro,

163 1201 290 1273 quamvis
299 1209 438 1272 perpetuos
447 1210 519 1256 curet
530 1203 556 1256 in
567 1203 630 1257 orbe
639 1201 711 1255 deos.

126 1277 202 1331 Tunc
211 1275 304 1348 vulpes
314 1276 447 1347 pecudum
457 1277 546 1331 ridens
556 1284 640 1331 astute
654 1277 778 1347 quietem,

163 1352 306 1406 verborum
318 1367 428 1406 vacuam
438 1351 554 1422 prodidit
564 1369 620 1405 esse
630 1350 721 1404 fidem.
904 1359 929 1402 tt

124 1427 197 1480 Haec
206 1430 280 1480 dabit
288 1431 409 1494 caprelis,
422 1426 518 1498 inquit,
530 1431 704 1480 medicamina
712 1427 840 1488 maiora,

158 1504 264 1568 pallida
274 1504 409 1555 cumulem
420 1506 462 1555 cui
471 1511 545 1556 notat
553 1519 602 1556 cra
613 1504 691 1554 ector.

124 1610 164 1664 Ne
174 1609 280 1662 sibimet
289 1609 433 1680 quisquam
443 1609 475 1664 de
485 1611 564 1664 rebus
575 1609 686 1664 inaniter
695 1606 767 1674 ullis,

162 1702 230 1757 quas
241 1685 341 1756 nequit,
355 1685 480 1756 imponat,
493 1683 581 1740 fabula
592 1691 679 1740 nostra
692 1684 774 1738 docet.

401 1858 453 1901 vu.
479 1857 593 1900 CANIS.

121 1957 208 2021 Haud
216 1964 292 2021 facile
301 1975 339 2020 est
349 1967 438 2038 pravis
449 1966 569 2020 innatum
581 1966 723 2030 mentibus,
735 1975 766 2018 ut
774 1981 803 2018 se

159 2042 317 2096 muneribus
328 2041 422 2114 dignas
433 2041 595 2112 suppliciove
607 2048 708 2112 putent.

121 2117 198 2171 Forte
208 2116 281 2170 canis
291 2117 426 2187 quondam
437 2115 518 2170 nullis
529 2116 664 2170 latratibus
675 2115 793 2179 horrens,

160 2207 208 2244 nec
217 2191 315 2262 patulis
324 2191 442 2262 primurn
453 2191 562 2245 rictibus
572 2209 615 2245 ora
628 2191 742 2254 trahens,

121 2265 212 2320 mollia
221 2266 267 2320 sed
278 2265 389 2337 pavidae
400 2266 568 2319 summittens
579 2267 687 2320 verbera
697 2264 803 2328 caudae,
913 2273 926 2316 5

158 2340 276 2395 concitus
287 2341 378 2395 audaci
391 2339 499 2394 vulnera
509 2337 586 2394 dente
596 2341 683 2395 dabat.

119 2415 198 2469 Hunc
208 2415 343 2480 dominus,
357 2433 389 2469 ne
399 2431 478 2486 quern
489 2415 603 2485 probitas
615 2414 738 2470 simulate
751 2413 848 2478 lateret,

159 2490 270 2544 iusserat
280 2490 308 2543 in
318 2489 409 2543 rabido
419 2496 525 2561 gutture
535 2487 601 2544 ferre
610 2489 708 2545 nolam.

119 2565 254 2619 Faucibus
265 2565 370 2618 innexis
380 2562 529 2634 crepitantia
540 2563 733 2638 sublimitatem,

158 2657 228 2712 quae
238 2638 308 2694 facili
318 2646 391 2692 motu
402 2639 478 2710 signa
489 2639 604 2694 cavenda
614 2639 715 2694 darent.
897 2646 924 2689 1⁰

119 2713 188 2769 Haec
197 2723 284 2770 tamen
295 2712 340 2767 ille
349 2713 401 2767 sibi
411 2711 531 2766 credebat
540 2715 656 2786 praemia
666 2712 736 2776 ferri,
