2030 3022
279 621 706 706 runsrnrro

400 832 584 841 ..—

400 843 582 854 ------—-

129 1069 131 1072 v
158 1021 276 1108 Quibus
285 1055 376 1111 nuper
386 1038 469 1093 modo
479 1057 581 1094 recens
591 1036 894 1112 expressiprodierunt

87 1139 212 1214 primum
229 1133 370 1208 Catullus,
387 1137 531 1208 Tibullus,
545 1136 724 1212 Propertius,
744 1156 778 1192 ao
792 1135 893 1191 deinde

90 1235 243 1294 Cornelius
254 1235 361 1311 Nepos,
371 1237 474 1293 iisdem
488 1240 564 1313 typis
580 1239 637 1292 iam
648 1246 677 1292 et
685 1234 832 1292 Phaedrus
843 1255 893 1291 ex-

89 1345 209 1392 ornatus
223 1338 365 1412 sequitur,
375 1356 458 1412 quem
466 1341 536 1392 onte
548 1337 600 1392 hos
615 1337 741 1392 sedeoim
753 1353 844 1391 annos
857 1354 892 1390 ex

89 1438 208 1512 vulgatu
222 1438 392 1492 recensione
406 1438 584 1511 exscriptum
597 1436 773 1491 dederamus.
817 1433 894 1490 Inte-

87 1538 146 1592 rim
165 1537 301 1610 quoniam
323 1553 360 1590 ex
379 1532 545 1592 Didotianis
569 1535 780 1610 exemplaribus
801 1535 895 1612 magis

89 1653 177 1711 quam
197 1635 319 1692 antehae
338 1637 525 1692 innotuerant
542 1635 651 1691 eodiois
671 1635 759 1709 mpti,
782 1653 819 1690 ex
837 1653 894 1710 quo

88 1735 204 1790 fabulae
226 1732 388 1805 fluxerunt,
411 1737 565 1808 lectiones,
591 1754 648 1792 non
671 1738 816 1810 potuimus
837 1754 895 1790 non

89 1836 214 1908 optimas
225 1853 351 1909 quasque
361 1854 398 1891 ex
407 1835 452 1892 his
462 1839 492 1892 in
500 1845 630 1893 nostram
639 1853 700 1890 rem
716 1845 895 1906 convertere,

90 1943 121 1990 et
132 1932 401 2008 itaquePheedrum
415 1935 515 1993 damus
528 1935 604 1992 haud
618 1953 686 1991 sane
701 1937 801 2009 paneis
811 1937 895 2004 loeis,

89 2051 177 2110 quam
191 2032 324 2104 antehae,
340 2035 579 2105 emendatiorem,
593 2037 634 2090 ita
649 2044 756 2106 temen,
770 2044 804 2091 ut
817 2037 895 2091 omni

90 2152 156 2189 eum
172 2135 305 2189 cautione
320 2135 543 2191 abstinuerimus
553 2153 570 2189 o
579 2136 740 2190 temerariis
750 2136 894 2190 recentio-

88 2252 153 2289 rum
169 2232 312 2289 editorum
327 2237 514 2310 corruptelis,
531 2233 634 2309 quibus
653 2249 711 2288 nou
729 2235 821 2290 solum
835 2234 895 2290 siu-

89 2335 226 2410 gulorum
246 2335 375 2390 locorum
394 2353 495 2392 sensus
510 2352 595 2407 saepe
613 2333 735 2387 multum
746 2341 791 2388 est
805 2334 895 2388 inter-

88 2435 216 2507 polatus,
227 2435 277 2490 sed
291 2438 376 2490 etiam
391 2436 523 2512 integrae
537 2433 608 2489 odeo
623 2432 736 2488 fabulae
751 2451 896 2488 eoumren-

89 2535 174 2588 titiae
188 2535 218 2588 in
232 2532 357 2590 Phaedri
370 2543 484 2590 textum
499 2534 658 2606 immissoe3
672 2533 723 2588 obs
737 2551 792 2609 qua
806 2542 895 2588 teme-

88 2634 178 2688 ritate
197 2633 227 2687 in
246 2643 346 2690 nostro
366 2633 492 2689 editione
509 2642 594 2708 poeto
610 2635 694 2707 plane
713 2640 792 2686 tutus
811 2640 896 2706 atque

88 2734 227 2790 immunis
249 2744 293 2789 est
315 2742 454 2790 servatus.
498 2730 637 2788 Ordinem
660 2731 822 2786 fabrrlarum
848 2727 896 2782 hie
