2062 3020
200 237 246 290 tto
384 233 534 287 FAERNI
561 229 751 285 FABULAE.

196 359 277 414 quem
286 359 372 415 quum
381 343 542 411 inrepertum
552 339 584 393 ab
594 338 682 410 aliquo
692 338 813 393 abactum
822 338 951 404 crederet,

196 416 311 471 haedum
323 416 370 470 tibi
381 420 501 478 mactare,
515 415 595 478 vovit,
607 413 732 484 luppiter,

142 502 154 545 5
197 493 310 562 reperlre
319 490 405 545 lurem
415 493 438 542 s1'
449 489 501 544 sibl
512 487 675 542 concederes.

195 567 334 638 Ingressus
344 564 406 618 inda
414 564 564 635 praximam
574 562 688 636 sylvam,
702 560 773 615 videt

197 639 339 694 iuvencum
350 640 388 693 ibi
399 639 433 694 ab
444 638 517 693 lecue
525 637 631 695 lacerari
642 653 732 690 suum.

198 715 266 768 Tum
276 717 348 779 vero,
359 730 458 788 egenus
467 712 560 768 ccasili
570 729 601 766 ac
610 713 723 765 tremens
736 719 818 774 metu,

196 788 309 860 supplex
319 791 429 860 supinas
439 787 546 842 sustulit
558 785 628 841 caela
638 802 747 840 manus:

143 873 169 918 ta
199 864 308 934 tibique,
321 865 417 934 lnquit,
432 862 547 917 haedum
555 864 690 925 valueram,
702 858 771 914 alme
780 859 909 930 luppiter,

196 939 219 992 si
230 938 402 1010 re'pperissem
412 936 511 991 turem:
532 936 653 1007 opimum
663 938 735 989 nunc
744 934 839 988 bovem

196 1010 328 1083 polliceor,
343 1012 400 1065 eius
409 1014 432 1065 sl
442 1029 539 1066 manus
549 1010 668 1066 evaserol

235 1087 357 1140 Humana
366 1104 451 1151 meus,
463 1085 555 1160 ignara
565 1084 643 1139 sortis
653 1081 764 1147 abditae,

198 1161 313 1215 nocitura
324 1177 400 1232 saepe
411 1163 459 1232 pr6
469 1159 621 1214 salubribus
630 1158 704 1230 petit.

327 1347 433 1390 Lxxvt
454 1307 570 1390 Larus
592 1345 637 1389 ET
661 1344 805 1388 MULIER-

232 1453 309 1515 Arva
319 1462 404 1531 quum
415 1458 520 1512 ieiunus
530 1457 592 1513 clim
604 1459 789 1530 pervagaretur
800 1455 891 1528 lupus,

196 1534 230 1590 ad
239 1535 377 1608 tugurium
387 1534 468 1597 venit,
481 1533 553 1586 uude
563 1533 710 1605 vagientem
719 1531 878 1602 puerculum

195 1610 312 1682 huicque
320 1617 430 1662 matrem
439 1608 711 1662 camminantemsaue
720 1605 944 1670 aeerheexaad‘rit.

195 1683 256 1738 llere
266 1684 294 1738 ni
303 1684 441 1747 desineret,
454 1681 532 1737 illum
542 1682 696 1736 tradituram
707 1683 735 1735 sa
744 1680 817 1752 lupo.

141 1770 153 1813 t
195 1758 268 1813 serio
278 1759 375 1813 isthaec
383 1757 511 1812 elocutam
522 1755 659 1811 mulierem
670 1757 741 1810 ratus
753 1755 842 1826 lupus,

195 1833 249 1888 iam
259 1834 311 1887 sihi
320 1833 486 1904 exspectabat
494 1831 562 1887 obici
572 1833 751 1886 centumacem
761 1829 932 1902 puerculum.

195 1907 303 1962 Multam
313 1909 339 1961 in
351 1907 443 1961 horam
448 1910 617 1970 sr'cmcratus,
624 1909 717 1960 rursus
722 1904 796 1959 audit
805 1903 945 1960 mulierem

195 1985 257 2037 vcce
265 1980 361 2036 blanda
372 1981 438 2037 etad
447 1999 567 2054 soporem
577 1979 775 2052 prcvccaudum
785 1978 889 2034 tinnula

194 2057 279 2110 dicere
290 2055 397 2111 infanti:
411 2058 482 2111 Bono
491 2056 580 2110 auimo
589 2073 626 2119 es,
638 2060 697 2110 nate
707 2056 745 2108 mi
755 2052 924 2110 dulcissime:

140 2140 166 2186 tt
196 2136 257 2185 nam
268 2131 372 2202 lupum,
384 2132 407 2185 si
418 2137 504 2202 raptor
515 2129 559 2184 ille
571 2131 625 2184 huc
636 2129 743 2194 venerit,
755 2129 943 2186 mactabimus.

194 2207 242 2260 Hic
250 2205 339 2277 lupus,
351 2213 409 2259 tum
419 2206 534 2278 de'nlque
543 2205 616 2260 omui
626 2203 766 2259 destitutus
775 2207 822 2276 spe
832 2223 890 2267 sua,

193 2280 276 2334 trlstis
288 2281 315 2334 in
325 2279 415 2353 sylvas
426 2281 560 2334 recedens:
582 2281 632 2334 Prc
641 2296 764 2350 supreme
773 2279 898 2351 Iuppiter,

193 2354 244 2410 alia
254 2354 354 2413 dicunt.
367 2355 416 2408 alia
428 2354 526 2409 faciunt
535 2355 594 2408 hr'ce
603 2353 733 2418 mortales,
747 2354 796 2408 aitt

221 2538 338 2581 Lxxvn.
362 2537 608 2584 VESPERTILIO
633 2541 678 2584 ET
702 2541 906 2584 lllUSTELLA.

230 2638 349 2716 Lapaam
358 2665 391 2700 ex
399 2650 457 2702 aere
467 2666 552 2714 avem,
559 2651 602 2704 cui
612 2669 669 2705 saro
678 2651 711 2706 ab
718 2669 824 2723 vespere
833 2670 940 2720 nomen,

192 2735 278 2789 quum
289 2720 410 2773 mustella
421 2738 502 2792 rapax
512 2721 610 2779 laniare
621 2725 722 2780 infensa
732 2736 843 2798 pararet,
