2054 3024
151 225 199 278 102
343 219 479 275 AVIANI
508 218 701 274 FABULAE.

187 335 212 382 et
221 327 337 382 similem
347 329 453 382 turbam
462 327 621 398 despiciebat
630 344 723 382 ovans.

149 405 225 457 Tuno
235 401 405 456 insultantem
416 403 503 456 senior
512 402 545 455 de
553 401 630 473 plebe
641 400 788 472 superbum

187 476 348 550 aggreditur,
360 476 405 530 tali
418 476 525 549 singula
535 493 597 530 vooe
607 491 731 530 monens:

95 563 120 606 ¹5
149 552 259 622 infelix!
278 568 345 620 quoe
354 560 429 608 tanto
439 556 511 618 rapit
523 555 651 604 dementia
659 567 770 624 sensiam,

186 643 296 680 munero
302 643 353 694 pro
365 630 464 680 meritis
473 631 497 679 si
507 629 582 692 cupis
590 631 642 679 isto·
654 621 735 678 dori?

149 702 209 757 Non
218 704 264 754 too
273 705 379 756 virtutis
389 704 466 754 decus
475 708 620 753 ostentatur
629 703 657 752 tn
666 715 733 761 aere,

185 779 316 844 nequitiae
329 783 415 828 testem
424 778 469 828 sed
477 778 547 842 peris
556 775 616 828 inde
624 789 721 827 sonum.

385 927 451 971 vul.
481 925 661 970 CAMELUS.

150 1011 314 1074 Contentum
325 1019 438 1090 propriis
448 1019 592 1090 sapientem
604 1019 692 1072 vivere
702 1018 791 1084 rebus,

188 1112 236 1147 nee
245 1111 340 1164 cupere
349 1093 465 1158 alterius,
477 1091 566 1147 fabula
577 1101 664 1147 nostra
675 1100 775 1162 monet;

151 1167 286 1241 indignata
296 1169 346 1222 cito
358 1186 390 1222 ne
400 1176 448 1221 stet
459 1169 574 1222 Fortuna
584 1184 703 1232 recursu,

187 1251 265 1314 atque
276 1243 366 1304 eadem
377 1243 487 1308 minuat,
501 1259 569 1314 quae
578 1239 650 1296 dedit
659 1251 726 1306 ante,
740 1249 793 1306 roto

95 1361 107 1404 t
150 1349 271 1420 Corporis
282 1351 405 1405 immensi
416 1349 497 1405 fertur
507 1367 587 1422 peous
597 1351 649 1404 isse
658 1367 704 1420 per
717 1367 804 1414 auras,

187 1435 211 1478 et
221 1441 349 1497 magnum
360 1427 483 1496 precibus
493 1425 645 1479 sollicitasse
654 1425 757 1479 Iovem:

150 1507 226 1570 turpe
237 1500 317 1554 nimis
328 1501 429 1554 eunetis
439 1500 659 1572 irridendumque
668 1499 766 1554 videri:

187 1573 306 1646 insignes
315 1575 430 1646 geminis
440 1576 564 1630 oornibus
575 1575 613 1628 ire
622 1575 711 1639 boves,

149 1657 174 1702 et
183 1647 270 1702 solum
282 1648 354 1703 nulla
365 1650 499 1704 munitum
509 1657 582 1720 parte
591 1647 730 1714 camelum,

95 1732 121 1775 to
187 1723 318 1777 obiectum
328 1725 430 1778 cunctis
439 1725 642 1796 expositumque
651 1722 723 1778 ieris.

150 1799 249 1868 Iupiter
258 1797 385 1863 arridens,
397 1807 536 1872 postquam
548 1806 647 1869 sperata
659 1798 772 1870 negavit,

188 1873 296 1942 insuper
306 1881 331 1926 et
340 1889 452 1946 magnae
461 1873 569 1927 sustulit
578 1873 650 1927 auris
660 1888 738 1928 onus.

155 1949 213 2002 Vive
222 1954 308 2002 minor
319 1954 419 2012 merito,
432 1952 474 2002 cui
483 1965 541 2003 sors
551 1966 602 2002 non
610 1951 715 2018 suffieit,
727 1947 823 2019 inquit,

187 2032 211 2077 et
222 2032 268 2077 tuo
274 2032 435 2092 perpetuum,
448 2027 534 2086 livide,
548 2027 645 2078 damno
654 2039 733 2091 perne.

396 2177 440 2221 IX.
464 2177 655 2221 vtnTonus.

149 2259 293 2323 Montibus
303 2269 409 2341 ignotis,
422 2270 565 2342 curvisque
575 2270 603 2324 in
614 2267 729 2324 vallibus
739 2274 826 2323 artum

187 2360 249 2399 oum
260 2343 330 2397 socio
339 2344 450 2415 quidam
460 2345 619 2416 suscipiebat
629 2345 690 2411 iter3

150 2435 268 2484 securus,
280 2419 459 2492 quodeunque
468 2420 569 2474 malum
580 2418 683 2474 fortune
692 2416 804 2480 tulisset,

187 2493 278 2548 robore
287 2492 380 2548 oollam
388 2502 476 2566 posset
486 2502 596 2565 uterque
607 2493 672 2564 pati.

95 2578 108 2620 o
150 2567 273 2639 Dumque
282 2585 328 2640 per
337 2569 472 2639 inoeptum
482 2569 555 2623 vario
565 2584 685 2622 sermone
693 2565 822 2629 feruntur,

189 2642 216 2694 in
227 2642 342 2696 mediam
352 2659 474 2712 praeeeps
484 2643 606 2697 eonvenit
616 2658 678 2696 ursa
687 2643 769 2696 viam.

150 2714 251 2768 Horum
260 2715 333 2779 alter,
348 2715 419 2769 facili
428 2715 618 2786 comprendens
628 2715 721 2770 robora
729 2731 819 2779 eursu,
