2062 3020
126 179 175 230 {68
313 177 461 232 FhEhNI
489 179 680 236 FABULAE.

219 381 280 424 XCI.
304 381 494 425 BUBULCUS
517 382 562 424 ET
584 384 781 430 HEROULES·

125 475 222 541 Viam
234 486 317 542 lutose
326 488 469 559 praegrave
482 487 598 545 haeserit
606 489 765 561 plaltstrum,

161 564 256 615 mersis
266 561 299 616 ed
310 579 395 632 usque
406 564 482 616 axem
493 565 565 618 rotis.

124 635 198 688 Nihil
209 636 253 689 hie
262 635 396 691 huhulcus
405 637 549 706 previdere,
562 642 611 700 nec
620 642 677 694 sese

161 713 206 780 opi
216 710 336 765 ferendae
349 711 499 783 adcingere:

69 793 81 834 ⁵
124 787 228 838 tantum
238 785 332 839 sedens
341 789 470 856 sua'mque
479 791 642 859 mnquerens
652 791 746 842 sertem
771 781 774 808 ¹

161 876 291 931 magnum
302 861 438 914 invocabat
451 861 597 916 Herculem.

124 932 174 987 Cui
185 934 256 987 nube
267 932 351 987 fultus
361 935 470 989 candida
481 937 545 990 deris
554 939 657 1007 praesto

42 1006 44 1008 ’
161 1005 212 1061 fuit
221 1010 246 1060 et
256 1025 362 1063 monere
372 1008 435 1062 haec
448 1011 553 1064 institit:

123 1082 184 1154 nge!
207 1083 305 1154 inquit,
318 1091 343 1137 et
353 1090 380 1136 tu
390 1086 486 1136 enitere
496 1083 551 1154 ipse
561 1086 607 1154 per
619 1088 669 1138 tete

68 1163 94 1206 10
161 1162 241 1228 atque
251 1157 287 1222 id,
300 1157 372 1229 quod
382 1157 408 1208 in
419 1165 444 1208 te
454 1165 500 1221 est,
512 1159 620 1228 expedit

122 1231 230 1286 stimuid
240 1233 321 1287 hoves
332 1232 505 1302 humerisque
516 1235 640 1302 promove
648 1231 814 1303 plaustrum.

159 1313 218 1360 tum
227 1307 334 1360 demum
345 1313 465 1379 egentem
475 1306 594 1378 gnaviter

122 1384 229 1434 vocatus
240 1381 370 1435 adiuvdbo
381 1379 462 1451 vique
472 1380 575 1434 coelesti

124 1513 128 1519 ,
158 1454 345 1510 humtnevotn
354 1457 508 1526 prdsequar.

67 1571 92 1612 15
124 1560 273 1634 vigilium,
285 1562 394 1635 egendo,
406 1562 577 1632 previdendo,
593 1562 665 1633 qudd
674 1562 769 1632 pessis,

158 1636 367 1706 paritureooeld
376 1635 459 1690 favor.
607 1653 611 1660 ·

380 1817 453 1861 XCII.
477 1815 604 1860 MOMUS.

157 1909 277 1991 Iuppiter
286 1929 311 1977 et
320 1924 459 1994 Neptunus
470 1931 495 1979 et
504 1921 604 1978 artibus
619 1920 717 1995 inelyte
727 1920 812 1976 Pallas

120 2001 250 2050 eertavere
259 1996 333 2062 olim,
346 1998 408 2069 quis
418 2015 510 2052 eorum
519 1996 657 2068 pulchrius
667 1996 725 2050 orbi

119 2068 274 2138 quiddaret.
283 2073 355 2144 Ergo
364 2073 498 2127 hominem
508 2071 655 2143 speciosum
665 2078 746 2125 rector
754 2070 868 2144 olympi,

119 2141 181 2196 dive
191 2143 310 2210 domum,
323 2145 407 2200 salsae
417 2154 523 2202 taurum
534 2163 580 2200 rex
589 2145 671 2199 edidit
680 2145 776 2200 undae.

65 2224 76 2266 5
119 2216 187 2271 Tum
198 2219 303 2288 Momus
314 2220 394 2275 iudex
405 2221 506 2276 aduitus
516 2229 541 2276 et
550 2219 637 2274 omnia
649 2219 739 2273 iussus

118 2292 317 2363 contemplarier
327 2300 498 2368 atqueaeque
508 2293 666 2367 perpendere
676 2293 759 2347 lance.

118 2366 144 2426 Is
153 2367 272 2435 primum
283 2369 310 2422 in
320 2375 394 2423 tauro
404 2370 592 2440 reprehendere
601 2384 699 2422 eornue
709 2368 800 2439 eoepit,

117 2439 191 2507 quod
202 2438 280 2494 fronti
289 2441 437 2496 haererent:
459 2444 554 2496 etenim
565 2441 711 2496 consultius
721 2459 817 2508 armos,

118 2510 201 2564 acrior
211 2513 282 2566 unde
292 2515 358 2567 ictus
369 2514 441 2580 foret,
454 2523 586 2570 armature
596 2515 687 2569 fuisse.

64 2586 89 2629 1⁰
119 2581 189 2636 Tum
199 2599 307 2639 sensum
317 2595 484 2658 mentemque
497 2589 613 2644 hominis
623 2587 675 2643 sub
684 2595 785 2658 pestere
794 2587 867 2643 elau-

613 2678 670 2718 sem
