2062 3020
123 197 126 204 ‘
229 220 547 296 ¹aarnncrn
584 220 633 275 1v.
793 220 843 274 ns
943 193 951 208 '

90 331 136 386 Sic
145 333 193 394 eat,
206 329 282 384 herili
293 329 418 401 quisquis
427 327 491 382 clim
500 329 583 401 gratia

92 406 165 461 abati
176 404 400 470 ad‚innocentium
410 405 510 474 pestem
520 403 603 458 voletl

190 601 214 644 C·
236 599 369 650 PATER,
393 597 513 641 FILIUS
537 598 584 641 ΕΤ
605 599 745 644 ASINUS.

129 700 210 762 Pater
219 725 300 761 senex
310 714 335 760 et
344 709 441 778 gnetus
451 704 660 760 adolescentulus

95 781 213 837 venelem
223 781 334 837 asellum
345 781 378 834 ad
387 781 523 850 preximae
532 781 608 833 urbis
619 781 752 836 ndndinas

10 901 18 921 ,
91 856 166 912 nulle
175 865 314 930 gravatum
325 858 387 926 prae
397 871 425 908 se
434 855 546 928 agebant
554 855 664 910 sa'rcina.

91 933 145 987 llos
155 933 262 985 intuens
272 931 318 1002 qul
331 930 394 984 lerte
403 930 524 1000 proxime
532 930 605 984 viam

91 1007 190 1070 arabat,
205 1005 313 1059 irridere
321 1005 405 1076 coepit
414 1005 542 1059 resticus:

91 1080 173 1152 quod,
189 1084 216 1135 nt
225 1079 332 1134 tenellos
341 1079 485 1152 paedagogi
497 1080 574 1133 heres
584 1079 676 1145 solent,

92 1155 129 1207 ita
139 1156 191 1224 ipsi
202 1153 312 1208 asellum
322 1154 444 1208 leriaturn
457 1153 589 1217 decerent,

92 1226 158 1282 aller
168 1245 249 1281 senex
258 1228 343 1298 plane,
355 1229 419 1284 eller
429 1227 648 1293 adolescentulae,

91 1306 173 1357 aelete
182 1309 301 1373 uterque,
314 1307 357 1358 cul
369 1303 490 1358 vehiculo
500 1306 567 1372 cpds
580 1301 654 1357 foret.

91 1379 161 1432 Haec
169 1377 306 1448 perpulere
315 1378 461 1432 obnexium
474 1377 551 1431 dictis
561 1385 669 1448 patrem,

90 1455 131 1506 utl
142 1452 242 1506 iuberet
253 1451 339 1506 filium
349 1451 532 1506 conscendere.

89 1527 157 1581 Ecce
166 1527 235 1581 elius
245 1525 299 1581 illis
307 1528 403 1581 dbvius
414 1526 602 1597 reprehendere

90 1619 181 1656 senem
191 1601 294 1666 institit,
307 1601 389 1673 quod,
401 1602 550 1672 ebsequens
561 1602 643 1656 nimis
651 1609 733 1672 paler,

90 1676 214 1730 iuvenem
225 1680 304 1748 elque
314 1675 434 1730 validum
445 1675 532 1729 fllium
543 1676 638 1730 sineret
649 1677 719 1742 vehi,

90 1751 138 1805 iler
149 1752 206 1822 lpse
217 1751 330 1822 pedibus
341 1751 441 1815 feceret,
455 1751 578 1805 infirmds
591 1767 681 1804 senex.

89 1827 158 1879 llaec
170 1828 231 1879 vera
242 1826 309 1880 visa.
350 1826 397 1878 Hic
407 1826 463 1880 llllc
477 1826 549 1880 iusse
557 1833 628 1896 pater

90 1899 256 1964 descendere,
269 1902 325 1972 ipse
336 1900 432 1954 insedit
442 1899 570 1972 usquead
581 1900 719 1954 trensilum

89 1975 152 2040 vici,
164 1975 198 2030 ed
208 1975 279 2029 viam
291 1975 408 2028 iacentis.
448 1977 514 2029 Eius
525 1974 624 2028 incolae

90 2055 180 2105 nctere
188 2066 236 2120 pro
246 2067 274 2103 se
282 2052 399 2121 quisque
408 2053 549 2121 coeperr'rnt
559 2067 657 2112 senem,

89 2125 162 2196 quod
171 2124 259 2179 adhdc
269 2124 364 2178 virenti
374 2129 454 2178 aetate
465 2125 514 2187 vir,
526 2123 618 2188 alacer,
630 2125 723 2197 vigens

89 2200 229 2254 veheretur
239 2199 304 2268 ipse,
316 2197 439 2252 etlilium
452 2198 608 2253 tenellulum

89 2292 136 2345 per
146 2279 247 2328 tentum
260 2273 361 2327 itineris
371 2277 472 2346 cegeret
482 2274 594 2344 pedibds
605 2273 690 2344 sequi.

89 2351 162 2404 Hanc
171 2349 217 2402 llle
225 2355 325 2402 tantam
336 2348 464 2403 sdstinere
477 2352 530 2402 nen
542 2349 631 2402 valens

88 2423 229 2488 invldiam,
242 2422 314 2478 aselli
325 2422 449 2477 cldnibus
459 2425 567 2495 gnatdm
583 2423 654 2477 iubet

88 2504 148 2569 post
157 2515 186 2551 se
198 2497 299 2552 lnsilire
310 2506 389 2569 atque
398 2501 475 2552 enare
484 2496 618 2567 duplicate
631 2498 701 2552 vehi.

91 2573 128 2626 lbi
139 2575 196 2626 tdm
206 2573 290 2626 viator
299 2572 364 2627 ferte
373 2570 551 2626 misericerdia

89 2649 236 2702 oemmelus
246 2648 328 2701 asini:
350 2646 440 2709 Valde,
453 2646 497 2709 all,
509 2645 562 2698 vile
571 2645 620 2699 hec
630 2646 675 2698 tibi
690 2653 729 2698 est

89 2720 196 2786 animel
208 2729 291 2792 pater.
316 2719 387 2786 Quid
398 2720 425 2773 id
434 2725 485 2774 tem
497 2720 601 2773 sinistre
610 2719 717 2790 perdere
