2062 3020
178 150 226 202 tet
364 139 513 196 FAERNI
541 134 733 191 FABULAE.

176 265 264 312 teoum
276 252 396 306 habitare
409 245 524 320 queam‘?
543 247 613 300 Nam
626 242 765 369 quaestipse
778 239 931 295 asordibus

674 335 688 370 a
719 334 733 369 a

121 419 137 464 s
177 403 325 466 reddidero,
337 409 367 454 tu
375 415 484 452 rursum
497 403 551 449 atra
561 391 671 464 fuligine
681 391 767 463 tinges

216 477 318 552 Ingenii
328 475 376 528 tibi
387 469 526 527 dissimilis
536 467 665 523 oonsortia
677 467 742 520 vite.

402 677 485 719 nxlv.
508 672 706 717 lncrnron.

220 796 351 872 Quidam,
363 807 378 857 a
388 799 597 872 peregrinatione
606 795 649 850 lon
670 798 752 866 inqua

181 881 291 936 domurn
301 893 432 940 reversus,
448 872 531 928 multa
541 813 720 925 strenueiaeta

181 957 291 1010 absetn
300 950 507 1026 peregrinatione
517 946 637 1001 iactabat.

183 1031 252 1084 inter
262 1045 339 1100 quae,
351 1043 413 1080 eum
423 1023 531 1078 saltasse
540 1038 568 1074 se
578 1018 663 1073 Rhodi
673 1017 779 1080 saltum,

126 1117 139 1160 t
182 1121 264 1176 quem
274 1105 385 1173 aequare
395 1095 487 1153 nullus
497 1099 531 1150 ex
541 1112 571 1148 ea
581 1094 647 1148 urbe
659 1094 800 1164 quivisset.

183 1179 323 1248 Huiusque
333 1182 408 1228 testes
418 1171 477 1227 facti
488 1170 585 1224 habere
595 1171 624 1222 se
634 1166 730 1222 multos

183 1255 247 1308 sane
256 1267 350 1324 graves
360 1249 521 1317 idoneosque
530 1243 642 1298 dicebat.

183 1328 234 1384 Cui
244 1334 302 1380 tum
312 1327 346 1378 ex
354 1319 583 1392 eoronaqur'dam:
604 1316 704 1380 Amiee,
716 1313 872 1385 quidtestes

183 1401 301 1466 adducis,
315 1398 412 1472 inquit,
424 1398 510 1469 quiun
520 1393 630 1466 probare
640 1393 668 1444 re
677 1387 781 1461 possis?

129 1490 154 1533 tu
184 1479 253 1532 Nam
267 1476 289 1529 si
300 1475 392 1546 titique
401 1487 495 1528 verum
504 1475 552 1532 est,
564 1465 637 1538 quod
646 1463 735 1528 refers,
750 1463 831 1517 fidem
841 1462 919 1517 nobis
985 1504 988 1508 .
1020 1463 1021 1520 t

183 1571 225 1607 res
235 1554 293 1622 ipsa
302 1549 392 1604 faeiat:
414 1535 455 1602 En
465 1543 575 1599 Rhodus
586 1541 644 1605 tibi,
658 1541 692 1594 en
702 1536 798 1593 saltus!

223 1627 273 1682 Ubi
282 1625 362 1679 rebus
372 1640 439 1694 opus
449 1627 497 1685 est,
510 1617 591 1674 verba
601 1615 713 1671 inaniter
724 1612 811 1670 iactes.

331 1849 403 1892 LXV.
432 1845 574 1890 VULPES
597 1844 643 1887 ΕΤ
666 1839 789 1885 RUBUS.

224 1967 369 2028 Excelsarn
379 1968 473 2042 vulpes
482 1985 572 2041 sepem
585 1966 769 2022 conscenderat
777 1963 856 2026 horti,

187 2050 259 2104 unde
268 2046 353 2121 gradu
363 2044 479 2099 instabili
491 2051 516 2098 et
526 2043 655 2097 titubante
665 2058 712 2112 per
723 2037 805 2094 ardua
817 2036 908 2108 planta

187 2121 326 2194 adprendit
334 2137 427 2174 casura
436 2119 546 2173 rubum.
584 2116 631 2171 Ille
641 2114 752 2170 infestus
763 2112 846 2167 aeutis

187 2198 306 2252 sentibus
316 2195 435 2249 incautae
445 2194 560 2266 pupugit
569 2190 681 2263 vestigia
690 2187 790 2259 vulpis.

131 2287 145 2328 s
188 2273 261 2338 Quae
270 2269 339 2324 male
349 2269 462 2322 mulcato
472 2275 497 2320 et
506 2267 609 2338 plantas
620 2264 715 2319 laniata
728 2268 849 2316 eruentes

190 2349 310 2400 incusare
320 2344 418 2396 rubum
428 2342 586 2412 probrisque
596 2340 724 2393 incessere
734 2336 826 2406 eoepit,

188 2419 262 2488 qued
271 2417 333 2479 sibi,
345 2413 379 2468 ad
389 2416 445 2468 eius
455 2432 533 2484 opem
542 2431 611 2485 quae
620 2410 781 2484 confugisset
790 2409 819 2464 in
829 2409 893 2463 artis

189 2491 278 2551 rebus,
292 2489 438 2540 inhumano
447 2489 578 2540 noouisset
588 2487 717 2540 barbarus
728 2501 806 2538 ausu.

190 2561 239 2614 Cui
250 2560 349 2612 rubus:
370 2561 462 2621 lmine,
475 2561 519 2623 ait,
532 2559 687 2630 imprudens
697 2558 775 2629 piane
785 2559 843 2628 ipsa
853 2555 926 2610 fuisti
1020 2549 1021 2556 ¹

134 2641 161 2681 nn
191 2649 234 2683 me
243 2631 436 2698 adprendendo,
448 2630 512 2685 alios
522 2650 614 2688 omnes
625 2634 672 2704 qui
681 2631 842 2703 adprendere
853 2631 939 2686 suevi.
1020 2655 1021 2660 ¹
