2054 3024
202 145 250 196 ios
396 121 751 195 avraui'naaunnn.

200 247 312 302 Molliter
322 245 433 303 aiiixum
443 247 555 302 traheret
564 265 649 318 quum
659 247 748 301 saucia
758 246 852 312 telum,

146 334 171 376 tu
239 322 363 392 atrapida
373 320 455 375 fertur
464 322 545 393 vulpe
554 330 651 376 retenta
660 322 721 389 ‹tiu3

201 398 267 452 dum
277 403 350 468 rogat
360 397 431 450 unde
442 395 513 460 foret,
526 396 574 468 qui
583 396 645 450 talia
656 395 765 450 vulnera
775 394 865 460 ferret,

238 479 284 526 aut
293 470 404 524 ubinam
416 471 531 524 iaculum
541 469 687 525 delituisset
697 488 787 543 agens.

201 544 248 600 illa
258 563 375 618 gemens,
389 545 521 616 fractoque
532 545 605 617 ioqui
616 546 662 599 vix
673 563 811 600 murmure
821 549 918 618 eoepit,

238 637 301 674 nam
312 619 401 673 solitas
412 638 488 674 voces
499 621 537 673 ira
547 620 674 691 dolorque
683 620 763 690 rapit:

147 705 172 748 15
201 699 276 749 auita
286 699 388 763 quidem
400 700 482 749 medio
496 701 613 749 convenit
624 701 652 749 in
661 712 754 764 appare
762 701 866 763 sermm

239 787 355 839 quaeque
364 773 447 823 ocutis
457 774 518 822 otim
527 774 561 823 sit
570 775 708 837 repetenda
720 775 797 836 meis;

200 849 246 898 sea
255 861 342 907 cruor,
354 853 378 897 et
387 848 483 898 validis
493 849 521 898 to
530 861 569 897 me
580 853 698 898 contorta
708 847 813 898 lacertis

239 922 374 972 ostendunt
382 922 495 987 aliquem
506 922 557 972 teia
564 922 645 987 fuisse
654 924 747 973 otram.

201 1028 280 1082 Bruta
291 1027 350 1080 licet
359 1026 458 1080 soleant
467 1025 592 1080 animalia
602 1027 659 1080 iure
668 1027 764 1091 timeri,

145 1111 172 1154 20
238 1102 364 1156 omnibus
374 1109 411 1154 est
421 1101 474 1155 illis
484 1101 546 1172 plus
557 1100 714 1156 metuendus
724 1101 813 1155 homo.

351 1240 442 1283 xv111.
466 1240 625 1285 IUVENCI
650 1242 696 1284 ET
721 1242 797 1284 LEO.

202 1321 327 1397 Quatuor
337 1331 473 1385 immensis
484 1333 620 1404 quondam
629 1351 676 1404 per
686 1341 759 1404 prata
771 1333 895 1389 iuvencis

238 1405 320 1461 fertur
329 1407 457 1460 amicitiae
467 1414 537 1461 tanta
548 1407 629 1462 fuisse
638 1407 712 1472 fides,

201 1488 230 1536 ut
239 1481 321 1535 simul
331 1481 441 1535 emissos
451 1481 542 1536 nulius
553 1481 688 1537 divelleret
696 1500 777 1548 error,

238 1573 332 1611 rursus
342 1563 367 1610 et
378 1573 393 1609 e
402 1563 478 1626 pastu
489 1557 566 1611 turba
576 1557 671 1611 rediret
681 1575 783 1612 amans.

146 1641 157 1684 ε
200 1632 252 1685 Hos
263 1647 370 1702 quoque
380 1630 479 1685 coiiatis
490 1632 555 1686 inter
567 1649 596 1685 se
609 1631 733 1686 cornibus
743 1631 839 1705 ingens

237 1705 334 1760 dicitur
344 1707 370 1759 in
380 1705 456 1759 silvis
466 1707 634 1777 pertimuisse
642 1706 694 1769 leo;

199 1780 266 1834 dum
276 1788 363 1834 metus
371 1780 485 1834 oblatam
494 1781 615 1851 prohibet
624 1789 723 1835 tentare
732 1781 864 1852 rapinam,

237 1863 262 1909 et
272 1856 419 1911 coniuratos
428 1855 515 1909 horret
525 1855 597 1909 adire
605 1857 696 1911 boves.

199 1931 233 1984 Et
243 1931 368 2002 quamvis
379 1930 474 1993 audax,
487 1928 614 2002 factisque
624 1929 765 1984 immanior
774 1936 851 1995 esset,

145 2014 171 2056 10
237 2012 370 2069 tantorum
380 2004 452 2059 solus
463 2005 565 2059 viribus
575 2006 661 2078 impar
671 2013 733 2068 erat.

200 2080 323 2134 Protinus
334 2080 486 2153 aggreditur
495 2081 585 2152 pravis
595 2082 715 2136 insistere
726 2078 823 2144 verbis,

238 2153 359 2208 collisum
370 2156 479 2226 cupiens
489 2156 628 2211 dissociare
637 2173 728 2228 pecus.
902 2213 906 2220 ,

200 2228 233 2282 Et
241 2236 382 2300 postquam
393 2231 469 2284 dictis
480 2232 582 2285 animos
592 2231 721 2285 disiunxit
731 2228 840 2292 acerbis,

237 2303 335 2358 invasit
346 2305 473 2357 miserum
484 2305 647 2377 diripuitque
656 2321 773 2377 gregem.

146 2386 171 2428 ,5
200 2376 515 2447 Tuncquidamaxiliis:
542 2381 862 2445 Vitamservarequt'etom

237 2454 284 2517 qui
294 2454 371 2517 cupit,
383 2467 417 2503 ec
426 2461 518 2506 nost-ra
527 2457 625 2505 discere
633 2461 714 2505 morte
720 2459 812 2518 potest.

200 2555 284 2608 Nemo
294 2555 344 2608 cito
354 2555 472 2609 admotas
485 2559 572 2611 verbis
581 2556 718 2611 fallacibus
727 2573 804 2611 aures

239 2626 354 2697 impleat,
366 2636 412 2681 aut
422 2637 536 2684 vaterem
545 2631 644 2684 deserat
653 2638 713 2684 ante
727 2631 830 2686 iidem·
