2030 3022
127 226 159 280 to
282 223 453 278 Pflassoltt
478 223 500 276 F
505 221 719 279 ABULARUM

164 329 279 398 Quidam
288 330 416 386 deoedens
426 334 478 386 tras
487 330 595 404 reliquit
606 330 690 399 iilias;

126 404 488 462 unamiormosametaoulis
497 407 637 462 vasantam
647 407 732 462 viros:

71 493 84 536 t
126 489 153 536 at
161 480 269 537 alteram
279 479 411 536 lanificam
422 489 447 535 et
456 479 536 554 irugi,
548 479 687 536 arietinam:

126 557 247 612 davaiam
258 555 322 610 dno
331 555 433 609 tantiam
442 565 467 609 et
476 555 666 626 turpissimam.

125 631 227 686 Harum
237 633 324 684 autem
334 639 444 684 matrem
455 628 514 684 lanii
523 629 644 684 heredem
654 647 744 694 senex,

126 705 177 762 sub
187 703 343 769 canditione,
356 708 434 760 totam
446 713 475 758 ut
484 703 615 759 fortunam
624 703 710 760 tribus

125 777 271 852 aequaliter
279 779 429 842 distribuat,
441 779 488 832 sed
498 777 543 832 tali
553 778 645 848 modo:

72 863 97 908 it
126 853 228 909 nodata
239 853 389 925 possideant
398 856 442 907 adt
452 851 586 921 fruantur3
609 856 675 918 tum,
687 851 768 908 simul

125 928 223 985 habare
232 945 274 982 res
283 928 416 992 desierint,
429 945 497 1000 quas
505 929 660 998 aooaperint,

126 1001 601 1058 oentanamatrioanierantsestartia.

126 1075 453 1149 Athanasrurnorimplet.
494 1075 678 1132 Matarsadula

125 1151 193 1206 iuris
201 1151 297 1223 peritos
307 1151 433 1219 oansulit3
455 1151 657 1222 nemoaxpedit,

71 1237 97 1281 tt
126 1243 181 1299 quo
191 1231 265 1298 paolo
274 1244 325 1281 non
337 1225 496 1297 possideant,
508 1225 580 1298 quod
588 1225 668 1280 luerit
676 1224 777 1288 datum,

126 1300 275 1356 iruotirmve
284 1301 401 1372 capiant:
422 1299 527 1365 deinde,
538 1317 608 1372 quae
618 1299 725 1359 tulerint
737 1297 816 1362 nihil,

126 1379 243 1448 quanam
253 1375 352 1430 rationo
360 1373 494 1430 oanierant
502 1375 651 1446 pecuniam.

126 1451 267 1522 Postquam
278 1457 414 1505 oonsnmta
425 1458 464 1504 est
473 1449 597 1521 tamporis
608 1449 679 1523 longi
690 1466 772 1514 mora,

125 1541 174 1579 neo
184 1524 328 1579 tastamenti
339 1523 425 1596 patuit
432 1540 528 1578 sensus
536 1523 635 1597 oolligi,

70 1609 96 1652 ²0
127 1598 207 1654 fidem
216 1597 362 1664 advocavit,
375 1599 432 1654 iiuo
442 1597 567 1672 neglecta,
579 1615 683 1669 parens.

125 1672 233 1745 Seponit
242 1674 364 1729 moechae
374 1676 483 1738 vastem,
495 1671 629 1728 mundum
639 1671 807 1738 maliebrem,

125 1747 282 1803 lavationem
293 1750 453 1822 arganteam,
465 1747 601 1802 eunuchos
610 1745 730 1820 glabros,

125 1820 245 1877 lanificae
254 1822 361 1896 agellos,
373 1825 474 1894 paoora,
487 1821 589 1888 villam,
601 1822 740 1894 operarios,

124 1897 215 1962 bovas,
228 1897 354 1962 iumenta,
366 1905 391 1952 et
401 1899 608 1952 instrumentum
618 1897 759 1952 rustioum:

69 1979 95 2025 2⁵
125 1971 217 2043 petrini
228 1970 334 2044 plenam
346 1971 464 2045 antiquis
474 1971 626 2044 apothecam
636 1971 718 2035 cadis,

124 2045 235 2102 domum
245 2045 363 2117 politam,
375 2055 400 2102 et
409 2045 531 2101 dalinatos
543 2045 669 2101 hortulos.

124 2119 169 2176 Sio
177 2119 305 2175 dastinata
315 2121 377 2177 dare
385 2138 472 2194 quum
483 2121 534 2175 vell
551 2120 694 2194 tsingulis,

123 2203 149 2250 et
158 2194 313 2267 adprobaret
321 2195 446 2268 populus,
458 2196 505 2268 qui
518 2139 576 2251 idas
590 2199 706 2259 noverat,

125 2270 244 2340 Aesopus
254 2269 340 2325 modia
351 2271 439 2325 sabito
449 2269 477 2326 in
488 2270 564 2325 turba
574 2270 701 2324 oanstitit:

70 2352 96 2397 to
126 2342 182 2400 Osi
192 2352 310 2400 maneret
318 2344 422 2400 oandito
431 2347 526 2400 sensus
535 2343 613 2416 patri,

124 2435 207 2491 quam
215 2420 331 2494 graviter
340 2416 424 2484 ferret,
436 2419 509 2492 quad
520 2417 680 2473 voluntatam
691 2434 767 2472 suam

125 2493 287 2565 inthrpretari
301 2498 354 2550 nan
366 2493 514 2567 potuissent
523 2492 613 2547 attioii

125 2567 240 2640 Rogatus
251 2567 354 2633 deinde,
366 2568 445 2624 solvit
453 2584 567 2622 errorem
576 2567 708 2620 omnium.

125 2641 239 2696 Domum
249 2650 275 2696 et
283 2646 445 2706 ornamenta,
457 2644 518 2696 cam
529 2639 647 2695 venustis
657 2637 779 2702 hortulis,

235 2722 320 2770 uetera
331 2715 390 2770 date
400 2715 519 2770 lanifioae
528 2713 654 2769 rastioao:
