2062 3020
142 198 190 252 ⁴20
335 193 472 249 AVIANI
503 193 695 249 FABULAE.

84 312 111 358 ¹5
143 304 221 365 Vade,
232 301 277 366 eit,
292 311 316 357 et
325 307 427 357 meritis
435 307 531 356 eodum
541 305 685 356 cervicibus
694 307 771 371 inser,

178 385 389 446 compescantque
399 388 470 430 tuom
480 378 586 430 viuculo
595 379 657 430 diro
665 380 766 444 [amem.

138 451 172 505 At
182 468 240 505 meo
249 468 329 519 quum
338 455 430 506 vacuis
439 452 546 504 libertae
554 453 674 504 redditur
683 455 777 514 antris,

177 529 296 593 quemme
306 529 416 588 isium,
427 542 494 593 quae
505 527 651 587 iibetforoa
658 533 725 590 peto.

138 600 196 653 Has
205 601 260 652 iliis
269 601 360 666 epulas
366 602 455 666 potius
465 601 574 652 temlero
583 607 715 661 memento,

84 681 111 727 2⁰
178 677 225 742 qui
235 676 379 728 libertatem
384 681 552 740 postposuere
563 675 647 739 pube.

193 817 334 860 XXXVIII.
359 817 483 861 Ptscls
508 816 758 862 FLUVIATILIS
783 817 834 861 ET

150 889 152 892 ’
428 889 604 934 MARINUS.

139 971 278 1036 Dulcibus
287 998 301 1035 e
311 981 411 1054 stagnis
421 980 503 1035 fluvio
513 987 625 1035 torrente
634 989 747 1047 mactus,
792 1009 796 1016 ·

176 1071 318 1126 aequoreas
327 1073 451 1127 praeoeps
461 1055 542 1126 piscis
551 1056 641 1110 obibat
650 1074 743 1128 aquas.

140 1128 197 1184 Illic
206 1131 407 1203 squamigerum
416 1131 569 1200 despectans
580 1129 717 1202 Improbus
727 1147 834 1204 agmen,

176 1204 307 1259 eximium
317 1222 374 1258 sese
383 1203 517 1260 nobilitate
528 1202 613 1258 refert.

85 1290 96 1332 5
139 1278 197 1333 Non
208 1278 270 1332 tulit
278 1278 421 1350 expulsum
431 1279 514 1350 patrio
524 1279 576 1332 sub
586 1279 691 1351 gurgite
700 1280 792 1350 phoca,

176 1353 311 1424 verbaque
319 1370 381 1407 cum
391 1353 491 1407 salibus
504 1354 635 1423 asperiora
643 1353 724 1407 dedit.

143 1427 216 1482 Vana
227 1430 354 1482 laboratis
363 1433 439 1496 auser
444 1431 580 1482 mendacia
589 1432 676 1491 dictis,

176 1519 292 1571 quaeque
300 1507 414 1570 refutari
423 1512 446 1556 te
455 1519 556 1571 quoque
566 1510 627 1555 teste
637 1511 739 1570 queant.

139 1576 208 1631 Nam
218 1581 276 1644 quis
286 1581 336 1630 erit
342 1581 439 1644 potior,
446 1579 545 1644 populo
556 1584 687 1643 spectante
694 1579 819 1644 probabo,

85 1658 111 1701 10
175 1653 717 1719 siparitereaptosbumiddlinotrabant.

140 1725 212 1778 Turre
221 1741 261 1777 mo
271 1727 383 1778 nobilior
392 1742 485 1793 mapno
493 1727 655 1790 mercabitur
667 1732 773 1791 emptor,

176 1806 200 1853 te
209 1801 288 1852 simul
299 1816 360 1853 aere
371 1801 442 1854 brevi
451 1803 533 1853 debile
542 1802 636 1866 vulpes
646 1806 716 1852 emet.

138 1905 266 1978 Quisquis
276 1907 310 1960 ab
320 1907 434 1962 externis
444 1924 530 1978 nuper
538 1905 672 1960 devenerit
681 1905 743 1969 oris,

176 1998 229 2037 non
240 1979 313 2036 deoet
321 1981 454 2056 indigenis
463 1989 493 2036 ut
503 1980 567 2035 velit
576 1997 634 2036 esse
645 1980 727 2052 prior.

261 2135 381 2180 XXXIX.
406 2136 519 2180 MILES
543 2137 590 2180 ET
616 2135 764 2180 LITUUS.

138 2219 260 2282 Voverat
273 2229 376 2283 attritus
386 2227 521 2300 quondam
531 2245 579 2299 per
586 2226 685 2298 proelia
694 2225 782 2292 miles,
845 2267 848 2272 -

175 2301 265 2356 omnia
277 2303 419 2373 suppositis
429 2303 539 2376 ignibus
547 2319 621 2357 erma
630 2302 701 2366 dere,

138 2374 180 2431 vel
190 2393 259 2446 quae
268 2375 360 2430 victori
370 2378 484 2430 moriens
493 2377 545 2430 sibi
556 2377 632 2430 turbe
645 2376 768 2436 dedisset.

175 2447 218 2502 vel
227 2449 358 2520 quioquid
368 2449 477 2522 profugo
489 2459 578 2520 posset
587 2451 621 2504 eb
631 2449 705 2504 hoste
714 2449 783 2520 oapi.

85 2533 97 2577 ὅ
139 2523 238 2576 Interes
249 2523 317 2578 votis
327 2540 384 2578 sors
394 2524 476 2588 affuit,
489 2530 514 2577 et
524 2540 625 2579 memor
635 2541 709 2578 erma
726 2533 731 2542 “

176 2602 295 2664 coeperat
302 2613 409 2651 eoeenso
419 2596 525 2669 singula
538 2596 605 2652 ferre
615 2615 688 2671 rogo.

138 2667 214 2722 Tune
223 2667 316 2734 lituus,
327 2686 405 2724 reuco
414 2669 556 2725 defendens
565 2688 704 2726 murmure
713 2669 831 2742 uulpem,
