2062 3020
161 237 210 290 llll
352 230 493 289 nvrnnl
523 227 717 285 FABULAE.

198 357 268 414 quae
276 339 413 414 quondam
422 337 535 412 querulo
548 345 653 409 ruperat
662 355 726 395 arva
735 355 815 394 sono:

159 433 189 472 se
197 431 314 489 quoque,
326 421 444 470 maturas
453 429 541 486 quum
549 411 670 468 tunderet
679 430 740 470 area
752 430 862 480 messos,

197 491 320 547 cantibus
330 490 442 545 aestivos
452 487 612 561 explicuisse
624 485 691 544 dies.

105 577 132 621 15
160 565 275 621 Parvula
284 573 348 620 tunc
356 562 446 620 ridens
456 564 496 618 sic
504 571 544 619 est
551 562 626 618 affata
639 563 758 619 cicadam

197 640 270 715 (num
280 641 362 696 vitam
372 639 469 711 pariter
479 642 633 694 continuare
642 637 755 711 solent2)

159 717 335 786 linquentem
342 732 442 770 sommo
450 718 599 770 substantia
604 724 687 783 porto
698 717 787 770 labore
797 722 844 778 est,

196 793 341 862 [domibus
350 794 442 844 mediis
453 795 508 844 otto
517 794 595 860 lorsqu
606 793 689 847 traho.

130 867 132 871 ’
159 865 560 922 Attidisaltondtnuuccltimo
569 871 803 936 temporaraneum,

105 949 131 995 20
198 943 499 1010 contlbueestqconicm
511 944 778 1011 oitoperoctopn‘or.

322 1112 428 1156 xxxv.
452 1111 558 1157 sinin
574 1114 629 1178 ¹nr
653 1112 753 1156 unni.

160 1212 246 1276 Fama
256 1229 304 1287 est,
317 1222 390 1295 quod
400 1223 538 1296 geminum
546 1221 710 1295 profundens
719 1221 798 1276 simia
807 1227 914 1293 partum

198 1295 296 1352 dividit
305 1298 333 1352 in
342 1298 429 1352 varius
438 1298 550 1372 pignora
560 1299 623 1353 bina
636 1297 714 1354 vices.

161 1371 284 1444 Namque
292 1390 379 1426 unum
389 1389 449 1427 caro
461 1372 578 1446 genitrix
586 1373 675 1427 educit
684 1387 780 1435 amore,

199 1444 361 1519 alteriusque
370 1447 439 1502 odiis
448 1455 596 1502 exsaturata
609 1453 703 1501 tumet.

106 1531 118 1573 5
161 1519 280 1591 Coeperit
289 1529 319 1575 ut
328 1521 407 1576 letam
417 1523 523 1595 gravior
533 1530 627 1577 terrere
637 1520 778 1584 tumultus,

199 1594 324 1650 dissimili
334 1603 408 1652 natos
418 1597 568 1652 conditione
575 1596 654 1668 rapit.

162 1668 292 1726 Dilectum
302 1671 428 1727 manibus
439 1671 480 1728 vel
491 1679 593 1745 pectora
602 1678 687 1745 gestat
698 1669 792 1734 amico,

198 1753 378 1818 contemptum
388 1747 466 1802 dorso
475 1747 635 1818 suscipiente
649 1745 727 1802 levat.

161 1818 213 1874 Sed
221 1837 309 1892 quum
319 1820 422 1877 lassatis
434 1829 546 1894 nequeat
555 1823 696 1876 consistere
706 1817 813 1891 plantis,

107 1903 133 1948 ln
198 1895 349 1967 oppositum
359 1894 465 1969 lugiens
475 1903 568 1968 sponte
576 1896 685 1950 remittit
696 1911 775 1948 onus.

161 1967 234 2025 Alter
243 1977 270 2025 at
278 1971 381 2026 hirsuto
391 1971 558 2025 circumdans
568 1971 676 2025 brachia
686 1965 752 2024 collo

198 2045 296 2110 haeret,
308 2054 334 2100 et
342 2045 426 2101 invita
436 2063 498 2100 cum
507 2046 634 2118 genitrice
644 2045 721 2118 fugit.

161 2119 224 2176 Mox
233 2136 341 2191 quoque
350 2119 438 2175 dilecti
448 2119 564 2175 succedit
574 2121 602 2174 iu
611 2119 701 2176 oscula
710 2116 807 2181 fratris,

198 2200 319 2250 servatus
330 2195 426 2250 vetulis
435 2195 532 2251 unicus
542 2194 617 2249 heres
627 2193 695 2250 avis.

161 2300 205 2356 Sio
215 2299 313 2357 multos
324 2301 440 2376 neglecta
449 2304 552 2368 iuvant,
567 2309 647 2375 atque
659 2301 752 2357 ordine
761 2315 838 2355 verso

107 2385 133 2430 tt
199 2391 260 2446 spes
269 2375 385 2430 humiles
398 2395 492 2432 rursus
501 2377 531 2432 in
540 2377 649 2433 meliora
658 2375 745 2432 refert.

299 2544 416 2590 XXXVI.
441 2546 610 2592 VITULUS
636 2546 682 2589 ET
708 2545 779 2589 BOS.

161 2643 279 2714 Pulcher
288 2658 314 2705 et
323 2652 418 2706 intacta
428 2651 530 2708 vitulus
540 2656 642 2710 cervice
651 2653 784 2710 resultans

199 2721 362 2778 scindentem
372 2722 477 2780 assidue
486 2726 588 2782 viderat
596 2745 659 2784 arva
667 2729 775 2784 bovem.
