2062 3020
345 235 580 290 AI'PENDIX
618 237 667 291 IV.
829 240 872 292 161

129 345 195 398 haee
205 343 273 398 vitae
283 359 391 397 usuram
403 341 515 413 supplex
528 345 684 415 veniamque
693 344 804 416 petebat.

129 417 183 473 Olli
195 416 316 471 mustella
326 434 354 469 se
363 433 467 486 parcere
475 435 552 488 posse
562 425 681 490 negante,

130 491 203 563 quod
213 494 315 544 eunctis
326 500 417 545 natura
428 492 535 546 inimica
547 491 697 547 volucribus
710 501 785 557 esset,
919 504 932 549 1

130 566 176 620 illa
187 565 344 636 implumem
355 565 444 619 alvum
456 565 628 638 lactantiaque
637 567 717 621 ubera
728 567 855 637 pandens,

130 647 210 712 atque
219 641 254 694 ita
265 657 317 693 non
329 639 471 704 volucrem,
483 641 529 694 sed
538 658 642 694 murem
651 643 679 695 se
689 659 745 694 esse
754 640 869 712 professa

129 715 241 769 dimissa
250 722 289 767 est
298 731 388 784 sospes
400 722 425 767 et
435 722 521 785 aperto
530 715 628 768 reddita
638 715 718 770 caelo.

130 790 199 844 llaec
207 788 297 857 eadem
309 789 336 842 in
347 789 451 858 rapidos
460 789 550 860 paullo
558 797 616 860 post
625 789 716 843 incidit
726 806 830 862 ungues

131 863 239 917 alterius
249 862 386 917 mustellae
395 872 420 916 et
430 864 463 916 ab
473 863 522 918 hac
531 881 638 936 quoque
647 865 743 918 mittier
752 881 839 929 orans,
907 875 933 920 11

130 938 224 1002 audin,
236 945 370 992 aeternum
379 954 441 992 cum
451 938 573 992 muribus
583 956 639 994 esse
649 939 768 993 duellum

130 1011 272 1075 mustellis,
284 1013 360 1082 proin
369 1030 444 1082 spem
455 1013 546 1068 veniae
555 1013 694 1084 deponeret
703 1031 819 1069 omnem.

114 1131 118 1140 .
129 1086 177 1142 Illa
187 1085 233 1140 sed
244 1094 376 1140 ostentans
386 1094 486 1150 tenues,
498 1105 599 1158 pennae
612 1088 682 1142 alitis
691 1089 783 1153 instar,

130 1161 299 1216 membranas
308 1169 380 1232 tergo
390 1161 533 1226 haerentes,
546 1179 603 1216 sese
611 1179 668 1217 esse
677 1161 820 1228 volucrem,

131 1253 185 1290 nou
195 1253 308 1299 murem,
321 1236 445 1300 adseruit,
456 1235 619 1306 dimissaque
629 1254 722 1290 rursus
733 1237 761 1291 in
771 1254 858 1303 auras,
907 1247 934 1292 11

130 1310 170 1364 sin
177 1317 336 1364 commutato
345 1311 387 1364 bis
399 1311 504 1364 nornine
514 1317 588 1363 nacta
599 1309 710 1364 salutern
719 1319 767 1365 est.

169 1386 228 1440 Non
239 1402 320 1439 unam
331 1401 435 1456 semper
445 1385 570 1438 rationem
582 1384 685 1439 insistat
695 1385 800 1458 agendi,

130 1459 179 1530 qui
191 1459 272 1514 vitare
281 1459 353 1529 cupit
365 1460 429 1514 varii
439 1459 592 1514 discrimina
605 1476 692 1513 casus.

264 1661 394 1705 LXXVIII.
418 1662 511 1706 APEII
534 1664 585 1706 ΕΤ.
603 1664 749 1709 VULI’ES.

168 1791 272 1856 Dentes
282 1807 383 1856 retusos
393 1803 484 1857 arbore
494 1805 623 1858 exacuens
633 1820 694 1873 aper

130 1875 276 1949 satagebat:
298 1877 747 1948 111111111116111111111111111111

130 1950 226 2022 vulpes
238 1950 348 2024 rogavit,
361 1952 475 2006 clusine
487 1951 541 2005 ulla
554 1951 645 2021 proelii

131 2025 281 2080 necessitate
290 2027 382 2079 1111111
391 2025 481 2079 dentes
494 2026 618 2080 tdnderet.

131 2102 190 2155 Non
200 2100 248 2154 dbs
257 2116 285 2153 re
294 2116 351 2172 ego,
365 2100 452 2171 inquit
462 2099 514 2164 ssle,
527 2099 767 2163 11111111611111ε
920 2112 932 2156 t

130 2192 194 2229 nam
205 2191 291 2246 quum
302 2175 402 2246 Ingruit
410 2174 538 2244 perlelum
548 2183 573 2228 et
583 2175 749 2229 adversarius

131 2248 164 2303 ad
174 2248 314 2321 stagninis
326 2248 445 2318 vitaeque
454 2248 595 2303 discrimen
609 2257 691 2314 vocat,

130 2321 204 2377 haud
214 2327 277 2377 sdne
285 2339 377 2376 acuere
387 2326 444 2375 tum
454 2331 529 2376 vacat
538 2323 627 2377 dentes
637 2323 714 2378 mihi.

130 2398 222 2469 Itaque
231 2397 277 2451 dtii
287 2405 312 2450 et
321 2397 466 2451 securitatis
476 2399 592 2468 tempore

130 2489 204 2528 arma
213 2470 319 2542 atdparc,
331 2471 492 2544 stringenda,
504 2489 590 2543 quum
600 2489 665 2526 usus
679 2473 787 2526 venerit.
905 2482 932 2525 11

168 2548 277 2602 Ρ1111111
287 2545 375 2600 animo
385 2549 473 2601 1611111
481 2547 574 2618 iniqua
587 2551 706 2611 casuum,

131 2628 177 2675 aut
186 2623 274 2675 vincet
283 2619 337 2684 illa,
349 2619 654 2676 11111111111111111111.

159 2809 272 2865 Panna.
284 2810 343 2864 Fas.
704 2811 724 2866 L
