2030 3022
201 234 233 287 30
352 229 523 286 annuunt
555 228 796 285 FABULARUM

145 311 171 396 to
200 337 333 395 subsedit:
353 337 449 393 deinde
458 340 536 394 noctu
546 337 635 393 subito
645 336 752 392 ianuam

199 413 316 478 intravit,
329 421 397 468 recta
407 412 560 476 cubiculum
573 415 664 467 uxoris
674 419 773 483 petens,

87 492 90 498 '
200 489 227 543 in
239 491 293 560 qud
303 487 418 542 dormire
428 491 509 541 mater
518 496 610 542 natum
624 486 743 550 iusserat,

200 567 309 617 aetatem
319 561 436 616 adultam
446 563 555 616 sarvam
566 560 733 634 diligentius.

200 637 269 690 Dum
279 639 411 708 quaerunt
421 635 520 701 lumen,
533 635 599 691 dum
608 639 765 690 concursant
775 631 886 696 familia,

146 723 172 767 25
201 711 255 765 irae
263 709 375 766 furentis
386 714 514 782 impetum
524 728 577 766 non
590 710 724 765 sustinens

202 785 236 840 ad
247 785 342 840 lectum
353 785 459 849 accedit,
473 788 553 840 tentat
563 785 590 839 in
601 784 714 838 tenebris
724 790 810 854 oaput.

203 860 324 918 Utsdntit
332 867 448 924 tonsum,
460 858 549 933 gladio
559 867 648 930 pectus
658 856 788 930 transigit,

202 933 269 989 nihil
281 935 431 1005 respiciens,
444 933 509 988 ditm
519 933 635 988 dolorem
645 932 769 986 vindicat.

202 1009 322 1062 Lucerna
331 1007 417 1073 allata,
429 1007 511 1076 simul
523 1007 643 1080 adspexit
653 1005 750 1070 lilium,

148 1095 175 1138 3⁰
205 1087 376 1153 sanctamque
386 1099 496 1137 uxorem
505 1082 678 1138 dormientem
688 1078 820 1140 cubiculo,

203 1160 287 1229 sopita
297 1157 384 1228 primo
394 1159 463 1229 quae
473 1157 510 1211 nil
521 1174 614 1212 somno
627 1159 751 1220 senserat,

202 1232 404 1304 repraesentavit
415 1234 441 1286 in
452 1249 481 1286 sc
490 1249 599 1304 poenam
611 1230 742 1295 facinoris,

203 1314 228 1361 et
237 1305 304 1361 ferro
313 1306 443 1372 incubuit,
455 1307 527 1378 quod
538 1305 678 1361 credulitas
688 1307 838 1360 strinxerat.

202 1381 371 1437 Accusatores
381 1380 547 1452 postularunt
555 1380 703 1445 mulierem,

148 1466 173 1510 35
204 1457 367 1528 Romamque
376 1460 559 1527 pertraxerunt
568 1455 602 1510 ad
611 1453 798 1510 centumviros.

202 1532 318 1604 Maligna
330 1531 458 1585 insontem
469 1530 594 1604 deprimit
603 1529 728 1602 suspicio,

202 1605 275 1678 quod
285 1606 352 1661 bona
363 1605 501 1677 possideat.
541 1605 615 1660 Stant
624 1602 736 1676 patroni,
749 1601 848 1657 idrtitsr

201 1685 309 1736 causam
319 1689 419 1735 tuentes
430 1681 575 1736 innocentis
588 1678 710 1735 leminea.

201 1757 224 1810 Α
237 1755 301 1811 divo
310 1755 430 1828 Augusto
439 1759 495 1810 tiuu
506 1756 603 1828 petiere
613 1754 722 1817 iudices,

146 1836 173 1884 to
202 1838 232 1885 ut
241 1830 377 1885 adiuvaret
386 1829 556 1884 iurisiurandi
568 1829 657 1896 fidem,

201 1903 274 1975 quod
284 1907 355 1976 ipsos
364 1919 435 1958 error
446 1904 619 1978 implicuisset
628 1903 758 1960 criminis.

101 2015 105 2022 ·
201 1977 252 2046 Qui
262 1985 403 2052 postquam
414 1980 532 2034 tenebras
542 1979 654 2052 dispulit
665 1975 821 2040 calumniae,

201 2057 354 2126 certumque
364 2052 461 2108 iontem
471 2055 588 2110 veritatis
598 2055 701 2128 reperit,

201 2129 277 2194 Luat,
290 2129 387 2201 inquit,
400 2146 496 2200 poetam
504 2132 583 2185 carisa
594 2128 704 2184 libertus
713 2125 787 2182 mali.

145 2211 170 2258 ts
201 2203 323 2275 Namque
330 2203 421 2258 orbam
437 2204 585 2260 natosimul
599 2213 624 2258 et
635 2203 764 2276 privatam
777 2199 836 2256 viro

200 2276 377 2332 miserandam
387 2281 484 2350 potius,
496 2283 577 2351 qiram
589 2276 776 2341 damnandam¹
791 2275 927 2331 existimo.

200 2350 299 2418 Quodsi
309 2350 393 2406 delata
403 2357 579 2424 perscrutatus
591 2353 703 2408 crimina

200 2425 386 2497 paterfamilias
396 2429 471 2493 esset,
484 2430 506 2482 si
517 2427 685 2483 mendacium

199 2501 331 2555 subtiliter
340 2501 466 2566 limasset‚
477 2521 492 2558 a
502 2502 637 2558 radicibus

143 2586 169 2630 to
200 2592 253 2630 non
264 2575 399 2630 evertisset
408 2575 503 2632 sce'lere
512 2575 615 2632 funesto
625 2577 746 2632 domum.

236 2649 279 2703 Nii
290 2652 487 2722 spernamus,
500 2655 549 2706 ndo
557 2660 645 2707 tamen
659 2651 747 2708 credit
758 2652 862 2706 statim:

200 2723 417 2797 quandoquidem
427 2734 452 2780 et
461 2725 500 2781 ilii
510 2729 626 2799 peccant,
638 2745 706 2800 quos
716 2725 828 2782 minime
836 2733 924 2800 pulos,
