2030 3022
288 235 462 289 LIBER
510 233 559 291 lv.
764 237 793 292 tt

42 350 156 408 vestem,
168 341 289 406 enimes,
300 342 459 414 pedisequos
469 350 493 398 et
503 347 585 398 cetere

41 417 84 472 illi
95 416 238 490 designate,
251 420 333 472 vitam
343 435 412 490 quae
420 417 490 472 luxti
497 418 589 473 trehit:

40 495 132 566 agree,
145 491 272 558 iumenta,
284 500 309 546 et
318 495 409 564 penora
418 509 481 546 cum
491 492 641 564 pasteribus

41 567 140 622 donete
150 566 281 621 moechae.
321 566 398 621 Nulla
410 567 503 638 poterit
514 568 623 638 perpeti,

41 651 75 697 ut
85 640 206 696 meribus
215 640 283 713 quid
292 644 375 696 te'neet
384 641 500 696 eliendm
513 641 581 696 suis.
826 649 854 696 m

42 714 175 771 Defermis
185 715 287 770 cultum
297 714 402 778 vendet,
415 723 445 769 ut
455 716 549 769 vinem
560 723 646 787 peret3

42 793 123 865 egres
133 790 238 845 abiiciet
247 790 365 854 moecha,
376 798 407 844 ut
416 793 538 844 ornatum
548 799 633 861 paret,
712 855 721 871 .

42 874 71 921 at
82 863 128 919 iile
138 863 257 938 gaudens
267 867 367 936 peenre,
379 872 404 918 et
414 863 489 918 lanae
497 862 595 928 dedite,

41 942 207 1012 quendnque
216 955 321 994 summe
332 939 414 995 tredet
424 937 546 994 luxuriae
556 938 677 994 domum.

42 1015 90 1070 sio
99 1012 173 1069 neila
183 1013 336 1085 possidebit,
348 1012 421 1086 quod
431 1013 510 1068 fuerit
519 1012 621 1080 datum,
826 1021 854 1068 ts

42 1096 69 1145 et
79 1087 177 1144 dtoum
187 1089 265 1143 metri
274 1087 407 1144 censerent
415 1089 555 1160 pecuniam

42 1183 78 1220 ex
87 1163 172 1236 pretio
181 1181 280 1228 rerum,
293 1168 361 1236 ques
371 1163 539 1218 vendiderint
548 1163 679 1238 singulae.

81 1240 129 1305 lte,
141 1237 213 1310 qued
223 1238 368 1293 multorum
379 1237 447 1312 fugit
457 1238 674 1311 imprudentiam,

42 1315 129 1369 unius
138 1313 255 1369 hominis
266 1314 361 1385 reperit
370 1313 485 1368 solertia.

50 1540 97 1585 vl.
121 1538 251 1586 Puettn
275 1540 425 1586 mutuum
449 1542 497 1586 ET
522 1539 788 1586 MUSTELARUM.

83 1657 159 1722 Cum
169 1667 233 1721 victi
241 1683 331 1722 mures
342 1665 516 1723 mustelarum
525 1667 641 1722 exercitu

42 1741 168 1813 (histerie
178 1758 294 1815 quorum
304 1743 332 1796 in
345 1743 462 1798 tabernis
471 1741 604 1816 pingitur)

42 1815 175 1890 ingerent,
186 1824 212 1871 et
220 1823 290 1872 artos
299 1819 400 1872 nircum
411 1816 570 1890 trepidarent
579 1832 667 1880 caves,

43 1893 123 1965 aegre
132 1890 238 1962 reeepti‚
250 1895 338 1947 temen
349 1896 489 1948 evaserunt
499 1908 600 1946 necem.

42 1967 130 2021 Duces
140 1983 242 2031 eorum,
254 1967 303 2039 qui
313 1967 443 2038 capitibus
453 1971 551 2022 cernue

43 2043 103 2096 suis
113 2039 235 2114 ligarent,
247 2044 277 2095 ut
286 2041 459 2113 eonspieunm
471 2043 499 2096 in
512 2039 611 2113 proelio

41 2115 173 2170 haberent
182 2115 301 2189 signum,
312 2115 385 2188 qued
394 2123 567 2189 sequerentur
576 2111 682 2178 milites,

41 2189 152 2246 haesere
160 2189 188 2245 in
198 2189 290 2262 portis,
302 2194 418 2263 suntque
427 2191 494 2262 eapti
505 2191 539 2244 ab
548 2188 682 2256 hestibrrs;

43 2281 113 2337 quos
123 2263 273 2319 immolatos
283 2266 366 2320 victer
373 2265 460 2321 avidis
470 2264 594 2319 dentibus

42 2338 148 2412 nepeeis
158 2337 211 2394 alvi
222 2339 313 2394 mersit
323 2343 432 2395 tartaree
441 2355 532 2411 speon.
801 2347 808 2358 ·
825 2347 852 2388 tt

82 2412 276 2486 Quemcunque
284 2413 415 2485 populum
424 2413 507 2468 tristis
517 2414 625 2469 eventus
635 2411 740 2483 premit,

44 2487 207 2560 periclitetur
217 2492 259 2543 me
299 2488 373 2544 itudo
382 2489 544 2561 prtneipum‚

45 2563 149 2619 minute
158 2562 249 2635 plebes
269 2561 327 2618 eniti
339 2562 549 2635 praesidielatet.
