2062 3020
272 185 511 240 APPENDIX
547 187 603 241 111.
766 191 809 244 iti

99 294 267 347 immeritum
275 292 391 348 flammis
400 309 429 346 se
438 293 511 347 donet
520 310 576 346 esse
584 295 670 365 prius.

62 369 147 423 Nulla
157 377 222 431 tuos,
234 368 331 438 inquit,
340 374 472 436 petierunt
481 371 532 422 tela
543 371 661 433 lacertos,

98 444 328 511 viribusoffirmes
338 450 569 510 quoetomeonoto
578 448 649 496 mne.
842 455 870 500 10

62 515 114 570 Sed
125 525 228 570 tontum
236 522 320 570 ventis
329 524 354 570 et
363 520 481 570 cantibus
491 533 567 570 arom
578 522 656 585 coepi,

99 593 165 645 boae
176 607 276 658 quoque
285 596 420 645 summisso
431 599 509 644 testor
518 599 542 644 et
552 600 627 646 aetra
636 608 706 646 sono.

63 662 119 728 Ille,
133 662 304 718 resultantem
314 663 428 718 flammis
438 665 626 734 crepitantibus
636 665 745 730 addens,

100 756 148 792 nee
160 748 184 791 te
193 741 286 800 motor,
298 741 342 802 ait,
352 757 435 807 meran
445 742 569 808 dolorque
577 743 657 806 rapit.

39 813 134 870 ,Nam
145 816 205 866 lieet
214 816 269 878 ipse
278 817 344 866 nibil
349 818 436 880 possis
447 821 554 876 tentare,
565 831 611 867 nee
622 831 716 882 nusus;
844 825 872 868 15

100 888 270 948 saeviorem,
281 891 348 940 altos
358 891 503 955 quodfacto
513 905 566 941 esse
576 891 666 943 malos.

200 1056 253 1099 XL.
275 1057 419 1100 VULPES
443 1056 492 1100 ΕΤ
517 1057 675 1103 Pennus.

63 1156 220 1220 Distinotus
230 1163 341 1218 maculis
351 1171 376 1217 et
385 1164 497 1234 pulchro
508 1173 611 1236 pectore
622 1167 722 1238 pardus

101 1240 171 1293 inter
180 1238 331 1293 consimiles
344 1239 398 1292 ibat
408 1239 436 1293 in
447 1257 510 1294 arva
520 1239 598 1294 feras.

64 1313 116 1368 Sed
126 1314 191 1386 quia
202 1313 275 1367 nulla
285 1330 378 1386 graves
389 1314 520 1368 variarent
531 1322 602 1387 terga
613 1313 708 1381 leones,

100 1389 224 1460 protinus
235 1389 277 1442 his
289 1388 415 1442 miserum
424 1387 535 1442 credidit
544 1406 601 1442 esse
610 1406 708 1461 genus:

64 1471 147 1518 cetera
157 1463 272 1517 sordenti
283 1462 412 1516 damnans
425 1462 548 1517 animalia
560 1463 637 1518 vultu
857 1477 872 1519 5

102 1537 176 1592 solus
185 1537 213 1590 in
224 1536 376 1608 exemplum
387 1537 530 1591 nobilitatis
540 1545 604 1592 erat.
759 1536 762 1544 ⁴

64 1614 141 1667 Hune
154 1620 247 1684 arguta
257 1629 325 1666 novo
334 1611 492 1684 gaudentem
503 1612 593 1682 vulpis
606 1611 704 1666 amictu

102 1685 218 1757 surripit,
230 1694 256 1740 et
266 1704 347 1740 vanas
357 1687 484 1757 approbat
494 1704 551 1740 esse
561 1694 645 1740 notas.

69 1763 145 1826 Vada,
157 1761 203 1825 ait,
214 1769 238 1816 et
243 1765 332 1827 ptotoe
340 1766 449 1815 nimium
460 1765 557 1830 confide
567 1767 697 1824 iuventae,'

102 1840 164 1890 dum
173 1838 238 1890 mibi
247 1838 382 1889 aemilium
389 1839 527 1904 pulchrius
537 1853 590 1890 esse
599 1845 684 1904 queat.
842 1846 872 1888 lo

65 1943 245 2014 Miremurque
254 1944 340 2015 magis
353 1960 420 2014 quos
431 1961 542 1998 munera
552 1943 647 1998 mentis
656 1943 791 2008 adornant,

103 2034 185 2088 quam
195 2017 243 2088 qui
253 2018 382 2088 corporeis
392 2018 508 2072 enituere
517 2018 604 2072 bonis.

217 2185 284 2232 an
309 2187 427 2231 lMBER
450 2188 498 2232 ΕΤ
523 2188 655 2232 TESTA.

66 2286 203 2366 Impulsus
214 2297 300 2351 ventis
312 2304 337 2350 et
345 2313 436 2367 pressa
447 2296 518 2350 nube
528 2305 632 2350 oouetus

103 2376 209 2440 ruperat
218 2370 338 2424 hibernis
348 2388 377 2424 se
384 2371 475 2443 gravis
484 2370 570 2424 imber
580 2371 667 2442 aquis,

67 2461 205 2515 quumque
213 2462 260 2516 per
268 2444 364 2499 effusas
376 2451 507 2517 stagnaret
516 2445 622 2498 turbine
632 2452 722 2508 terras,

104 2522 252 2589 expositum
263 2519 364 2590 eampis
377 2519 456 2572 fictile
465 2519 560 2588 pressit
569 2536 646 2589 opus

67 2592 174 2666 (Mobile
184 2610 300 2666 namque
310 2593 396 2648 lutum
407 2593 511 2664 tepidus
520 2593 595 2664 prius
604 2591 712 2647 instruit
721 2593 774 2656 aer,
856 2603 872 2644 s

105 2665 186 2724 diseat
194 2676 224 2724 ut
233 2669 337 2723 admoto
348 2668 442 2722 rectius
452 2668 514 2740 igne
523 2665 626 2738 coqui.)
