2054 3024
193 178 241 231 106
385 173 522 230 ΑἩΑΝΙ
549 173 741 230 FABULAE.

228 281 270 338 vel
281 282 411 355 quicquid
422 282 561 339 volucrum
572 283 663 355 purior
673 301 738 338 aura
748 282 832 337 vehit.

191 359 260 413 Inter
269 374 337 429 quos
346 357 461 428 trepidae
469 358 601 413 ducebant
609 359 719 431 pignora
731 365 839 422 matres,

230 432 328 487 iudicio
338 434 401 486 tanti
412 432 577 488 discutienda
586 433 638 487 dei.
727 451 732 462 ·

192 507 267 562 Tunc
275 507 364 562 brevis
375 507 514 562 informem
524 508 636 563 traheret
645 525 730 578 quum
743 506 824 560 simia
838 513 942 570 netum,
1017 549 1018 576 3

133 593 163 636 10
230 582 320 653 ipsum
330 583 408 637 etiam
418 583 446 636 iu
456 583 542 636 risum
551 582 679 652 compulit
688 582 726 635 ira
734 583 836 636 lovem.
1017 585 1018 598 *

192 657 260 712 Haec
269 663 356 711 tamen
366 665 427 711 anta
435 657 500 711 alias
509 658 582 728 rupit
590 656 744 728 turpissima
754 671 857 721 vocem,
887 689 892 696 ·

229 731 295 786 dum
304 733 409 804 generis
418 731 517 786 crimen
528 734 567 786 sic
577 731 679 788 abolere
689 731 773 802 cupit:

191 807 292 874 Iupiter
300 809 347 861 hoc
357 812 435 872 norit,
446 817 550 862 maneat
561 812 673 862 victoria
681 812 705 861 ci
715 824 789 876 quem
793 827 803 875 ‚·

230 885 579 949 iudicioeuperectomnibuc
588 887 708 936 istemeo.

137 1000 164 1043 15
193 990 264 1062 Ergo
274 1005 331 1042 mos
342 989 444 1044 homini
453 997 501 1056 est,
513 989 643 1063 quicquid
652 991 704 1044 sibi
715 988 804 1044 fecerit
817 988 884 1059 ipsc,

231 1063 283 1118 vile
293 1063 352 1117 licet
361 1072 473 1130 mancat,
486 1059 637 1136 comprobat
647 1065 703 1136 ipse
712 1072 810 1119 tamen.

193 1137 259 1193 Nolo
269 1137 335 1192 velis
344 1157 432 1193 rerum
444 1141 591 1213 quicquam
601 1139 707 1194 laudare
717 1147 833 1201 tuarum,

231 1213 337 1268 alterius
347 1215 399 1268 nisi
413 1223 476 1270 sunt
485 1233 529 1271 ore
539 1216 646 1287 probata
656 1215 741 1286 prius.

379 1402 433 1446 XV.
459 1404 554 1448 GRUS
579 1404 626 1448 ΕΤ
651 1403 754 1448 Pavo.

194 1506 354 1572 Threiciam·
363 1517 494 1572 volucrem
505 1515 587 1571 fertur
596 1516 725 1571 Iunonius
736 1515 789 1570 ales

231 1592 367 1646 communi
378 1593 474 1646 seciam
485 1592 652 1646 continuasse
662 1591 730 1645 cibo.

194 1666 316 1738 Namque
326 1668 392 1722 inter
402 1668 488 1721 varias
498 1665 582 1720 fuerat
591 1665 721 1721 discordia
732 1664 838 1728 formas,

231 1758 382 1814 magnaque
392 1741 424 1795 de
434 1739 504 1796 facili
514 1742 600 1814 iurgia
609 1740 654 1795 lite
664 1740 784 1795 trahunt:

136 1825 152 1868 5
195 1815 268 1888 quod
277 1816 329 1870 sibi
339 1816 497 1870 multimodo
507 1814 637 1890 fulgerent
647 1815 766 1870 membra
776 1813 877 1878 dworc,

231 1889 378 1944 caeruleam
388 1889 591 1946 iacerentlivida
604 1898 675 1964 terga
688 1905 792 1963 gruem.
873 1935 875 1938 Α

194 1965 228 2019 Et
237 1965 318 2020 simul
329 1973 426 2020 erectae
436 1965 603 2020 circumdans
614 1966 729 2038 tegmina
740 1962 838 2018 caudae

142 2081 149 2095 .
232 2048 362 2112 sparserat
371 2057 497 2096 areanum
508 2058 601 2094 rursus
613 2041 640 2094 in
650 2049 718 2094 astra
730 2040 816 2093 iubar.

195 2114 242 2169 1113
252 2113 312 2168 licet
322 2114 395 2170 nullo
405 2133 553 2187 pennarum
563 2123 640 2169 certet
650 2115 756 2178 honore,

136 2199 166 2242 tt
233 2190 276 2244 his
286 2198 372 2244 tamen
384 2190 514 2245 insultans
525 2191 634 2246 vocibus
644 2207 692 2244 usa
702 2188 791 2244 datur:

158 2285 161 2290 ·
195 2267 820 2334 quamvisinnumercsptnmaenartaverttordo,

232 2356 332 2392 munic
341 2343 412 2393 humi
420 2358 520 2408 semper
529 2344 624 2408 florida
634 2349 707 2408 terna
715 2343 794 2408 geris.

195 2416 242 2468 Ast
252 2430 297 2481 09⁰
306 2417 416 2482 deformi
424 2409 542 2468 sublimis
551 2420 579 2468 in
589 2419 653 2468 acra
660 2431 747 2482 penna

230 2493 356 2555 monime
365 2492 495 2543 sideribus
505 2493 702 2558 numinibusque
711 2494 789 2559 [eron

140 2579 167 2648 15
196 2593 224 2648 Si
233 2595 350 2665 quadarn
360 2596 456 2649 virtute
466 2596 541 2660 nites,
559 2597 704 2666 nedespica
713 2611 888 2666 quemquam,

234 2684 267 2722 ex
277 2667 328 2722 3113
337 2668 454 2739 quadarn
464 2667 551 2722 forsan
561 2677 586 2722 et
596 2670 653 2739 ipse
665 2671 737 2723 nitet.
