2062 3020
345 229 582 283 APPENDIX
620 230 670 284 IV.
832 231 879 284 tit

134 335 277 409 aliquando
287 341 317 389 ut
327 354 342 388 a
352 344 406 390 tam
416 339 526 391 examita
536 337 588 392 viti
600 336 652 390 sibi

134 410 241 466 tandtm
251 411 366 482 quietem
377 418 402 464 et
410 411 493 464 ‹itium
502 411 662 465 oonotdaret.

134 485 238 552 Quibias
249 484 340 539 volens
350 483 508 538 danimciare
518 487 643 556 Iiappitar,

134 560 190 614 fieri
202 558 229 612 id
238 558 357 630 nequire,
371 562 425 612 taim
436 559 571 630 quieturas
585 577 628 613 eos
693 563 697 572 '
732 607 735 612 .

133 632 276 705 rasptndit²
290 633 337 686 uhi
348 639 450 687 tantum
461 633 579 688 inivensi
589 634 723 697 mtierent,

134 712 172 763 uti
183 725 297 779 perenne
310 705 412 762 flaimen
426 708 488 762 inde
497 709 628 762 existeret.

132 784 175 836 Ex
185 782 231 836 ilio
242 782 319 846 asini,
331 799 392 836 eum
403 783 583 836 existimantes
593 783 661 836 strio

133 858 198 911 haec
208 856 348 922 almutium,
361 857 408 911 ubi
418 856 482 911 tlter
491 856 597 911 alterins
606 857 698 911 vident
910 865 936 909 tt

133 933 250 997 urinam,
262 931 301 985 ihi
311 934 449 987 insuevtre
460 930 540 1005 vulgo
550 931 656 986 mtiera.

309 1102 356 1144 nn.
379 1101 494 1145 nanus
515 1103 561 1168 na
585 1101 703 1145 annm.

172 1181 277 1245 Canem
286 1189 380 1246 habuit
388 1190 450 1245 olim
462 1192 587 1262 quidam:
612 1192 644 1256 is,
656 1191 733 1246 illum
744 1197 849 1262 pascere

134 1283 219 1337 quam
230 1263 316 1329 vellet,
330 1265 356 1319 id
365 1283 446 1321 manu
457 1269 513 1337 ipse
522 1266 631 1320 ianiabat
641 1283 702 1332 sua3

133 1357 219 1411 quum
228 1341 291 1393 varo
301 1341 436 1395 verberare
445 1358 507 1395 eum
517 1341 673 1406 decreverat,

132 1416 209 1468 serv6
219 1429 268 1468 suo
278 1414 418 1469 mandabat
426 1413 494 1469 iilud
504 1414 632 1470 mineris.

134 1491 269 1543 Parnasus
279 1490 336 1542 eius
344 1491 414 1543 vitae
424 1489 457 1543 ad
467 1492 614 1544 extremaim
624 1489 697 1542 canis

132 1562 246 1636 auiitgit.
285 1563 369 1616 Herus
379 1563 443 1616 huic
451 1565 537 1634 pbstea
548 1581 611 1618 casu
625 1563 721 1618 abvius

132 1638 283 1692 nonvicium
294 1637 388 1709 ingena
401 1636 469 1696 facit.
480 1640 599 1693 oneravit
608 1637 722 1709 probris,

131 1720 156 1767 et
164 1713 275 1766 bestiam
286 1711 426 1782 appellavit
439 1713 654 1785 ingratissimam,

132 1786 205 1859 quod
214 1789 318 1858 samper
327 1787 361 1840 ab
374 1803 402 1839 se
410 1791 500 1857 pistus
511 1795 589 1859 atque
598 1787 706 1842 habitata
716 1787 783 1841 bene

131 1879 180 1916 nec
189 1862 340 1916 virberatus
351 1863 489 1933 nmquam,
504 1862 599 1917 herum
609 1869 662 1916 tam
673 1859 813 1916 amabilem
909 1871 933 1912 1ο

131 1935 280 2008 relinquere
289 1935 438 1991 induxisset
447 1937 475 1990 in
485 1937 606 1991 animiam
616 1954 707 1990 suum.

131 2011 181 2074 Tu,
194 2019 222 2064 tu
233 2015 297 2082 ipse,
310 2018 339 2064 tu
350 2027 392 2064 me
401 2011 552 2076 vtrberasti‚
565 2012 652 2082 inquit
662 2009 748 2063 canisi

132 2085 180 2138 tibi
190 2085 334 2156 depilatum
346 2087 435 2157 tangus
445 2086 496 2139 hoc
505 2086 646 2150 miseriam,
660 2084 707 2137 tibi

132 2161 233 2230 acatpta
244 2159 325 2213 refero
336 2157 400 2214 iacta
410 2158 500 2231 flagris
511 2160 607 2215 niceta.

130 2234 235 2287 Etenim
249 2233 329 2304 quod,
343 2233 487 2303 imperante
497 2241 530 2299 te,
544 2237 635 2289 servits
648 2240 710 2286 tuus
908 2239 934 2282 ts

132 2307 249 2371 saciabat,
262 2308 309 2361 aba
320 2315 344 2359 ta
354 2306 383 2359 id
392 2310 449 2360 asse
459 2305 567 2372 iactum,
579 2308 711 2362 existimo.

169 2382 260 2452 Aeque
269 2385 308 2435 ast
322 2397 427 2444 nocens,
440 2381 488 2451 qui
500 2382 615 2445 mtndat‚
628 2390 705 2452 atque
716 2381 748 2444 is,
761 2381 808 2452 qui
820 2377 889 2432 iacit.

312 2541 370 2583 LIII.
395 2541 504 2584 canis
526 2541 573 2585 ET
597 2541 695 2583 GARO.

170 2621 256 2685 Canis
265 2632 309 2684 6ra
319 2630 433 2684 frustum
444 2631 563 2685 carnium
574 2629 658 2683 sertas
668 2627 735 2682 vado

132 2703 260 2759 transibat
272 2721 391 2759 amnem:
412 2707 552 2777 quiimqua
561 2701 745 2773 contemplanti
756 2719 853 2774 aquam

714 2792 766 2846 Ka
