2054 3024
284 245 538 299 APPENDIX-
559 247 614 301 lll.
773 251 819 304 lll

16 349 18 356 ’
108 350 213 416 obtulit,
225 353 382 423 ctprecibus
394 361 423 407 ut
431 361 569 424 peteretur,
581 355 626 420 uit,

68 430 215 498 praestabit
224 431 326 497 facilis:
346 445 408 482 nom
417 446 484 496 quae
492 435 638 496 speraverit
646 447 723 496 umus,
805 429 809 446 ¹

104 507 229 570 protinus
238 505 648 572 loooalteroonqeminotoseret.
695 558 700 567 ,

70 577 121 632 Sed
130 576 175 630 oui
185 574 263 648 longo
274 576 346 630 iecur
356 584 468 648 nequeat
477 577 570 631 satiare
579 577 684 648 cupido,

107 649 675 723 distulitadmotasinnovudamnapreoes3
849 665 881 709 to

69 743 145 798 spem
156 725 208 779 sibi
218 725 352 780 confidens
362 725 447 780 alieno
456 742 570 780 crescere
579 733 648 792 voto,

107 817 191 872 seque
200 807 271 854 ratus
282 799 369 854 solum
378 817 488 855 munera
497 799 563 855 ferro
573 800 636 856 duo.

68 875 117 931 Ille
126 875 175 930 ubi
185 882 331 945 captantem
341 876 442 929 socium
454 893 502 930 suu
511 875 627 946 praemia
637 875 713 941 vidit,

106 948 270 1021 supplicium
280 950 379 1021 proprii
389 950 503 1020 corporis
513 957 584 1021 optut
597 967 689 1005 ovans.

69 1027 138 1080 Nam
148 1024 213 1096 petit
221 1025 365 1078 exstinctus
376 1032 405 1078 ut
415 1023 517 1079 lumine
526 1025 630 1098 degeret
639 1042 703 1089 uno,
848 1036 880 1078 15

106 1099 171 1155 alter
181 1105 219 1163 ut,
231 1097 281 1152 hoo
290 1098 438 1170 duplicans,
451 1099 525 1154 vivat
534 1107 646 1170 utroque
656 1116 756 1155 carens.

69 1175 145 1229 Tuus
153 1181 250 1230 sortem
260 1174 366 1245 sapiens
375 1174 522 1228 humanam
532 1172 702 1244 risitApollo,

106 1249 277 1319 invidiaeque
286 1247 388 1302 malum
399 1246 488 1302 retulit
500 1247 562 1301 inde
572 1249 637 1313 lovi,

68 1323 213 1396 quaedum
223 1323 356 1392 proventis
367 1322 480 1377 aliorum
488 1323 586 1396 gaudet
596 1323 705 1394 iniquis,

106 1398 197 1453 lectior
207 1395 299 1452 infelix
308 1405 333 1451 et
342 1415 390 1452 sua
400 1396 496 1452 damna
506 1397 589 1468 cupit.
847 1407 878 1450 lc

258 1599 351 1644 XXIII.
376 1601 627 1646 STATUARIUS.

68 1724 204 1788 Venditor
214 1733 346 1805 insignem
357 1731 471 1787 reserens
481 1732 514 1786 de
526 1749 656 1788 marmore
664 1733 797 1788 Bacchum

104 1807 256 1878 expositum
264 1808 347 1879 pretio
357 1805 449 1862 lecerat
458 1824 515 1862 esso
524 1806 614 1862 deum.

65 1880 169 1936 Nobilis
179 1882 252 1936 hunc
261 1881 371 1952 quidam
382 1881 484 1936 lunestu
495 1882 523 1936 in
534 1882 594 1936 sede
603 1880 714 1954 sepulcri

103 1955 214 2010 mercari
224 1956 334 2026 cupiens
344 1957 538 2027 compositurus
549 1963 616 2024 erat;

65 2030 253 2085 alterudoratis
262 2037 292 2084 ut
301 2029 378 2084 ferret
387 2048 498 2085 munera
507 2030 621 2102 templis.

103 2104 222 2159 redderet
230 2111 255 2159 et
264 2121 337 2159 sacro
347 2105 434 2159 dehita
444 2113 503 2160 vota
513 2105 578 2160 loco.

63 2180 151 2244 Nunc,
164 2180 209 2243 ait,
221 2183 369 2248 umrbtpuum
377 2185 459 2250 scoies
469 2185 500 2233 de
509 2183 637 2234 mercibus
647 2197 728 2246 omen,
788 2223 790 2229 .

103 2272 182 2323 quum
192 2271 250 2322 spes
264 2259 292 2308 in
299 2259 414 2323 pretium
422 2271 532 2308 munera
540 2258 632 2322 dispar
640 2260 704 2324 opit,

64 2337 89 2382 ot
98 2347 138 2382 me
148 2333 284 2399 defunctis,
296 2346 341 2383 seu
349 2332 426 2383 molis
437 2331 625 2393 traderemus,

102 2408 156 2458 siue
165 2408 243 2458 decus
252 2407 328 2466 busti,
339 2421 384 2457 seu
394 2405 458 2457 velis
468 2419 521 2456 esse
533 2406 615 2456 deum.
843 2412 875 2455 1⁰·

63 2477 177 2534 Subdita
186 2496 297 2547 namque
307 2481 354 2531 tibi
364 2486 401 2531 cst
410 2479 461 2547 sati
470 2481 616 2531 reuerentia
625 2481 721 2546 magni,

101 2560 181 2621 utque
190 2556 278 2608 eadem
288 2557 384 2607 retines
393 2557 488 2621 funera
498 2559 589 2604 nostra
598 2567 685 2604 manu.

63 2667 196 2727 Convenit
208 2667 259 2722 hoc
272 2667 340 2734 illis,
361 2668 461 2740 quibus
476 2673 515 2721 cst
528 2668 656 2737 permissa
670 2672 793 2738 potestus,

101 2759 136 2798 an
145 2741 338 2815 prodessemus
348 2742 390 2798 vel
401 2741 522 2797 nocuisse
532 2738 623 2796 velint.
