2030 3022
144 234 160 286 8
300 227 471 283 PHAEDRI
500 227 741 282 FABULARUM

144 335 179 393 At
188 334 234 390 ille
243 335 350 400 stultus,
363 335 428 390 dum
438 333 497 392 vuit
507 352 597 390 vocem
607 335 751 400 ostendere,

90 423 115 466 it
144 411 234 466 emisit
243 427 287 466 ore
297 415 417 478 otseum3
439 427 520 482 quem
530 411 647 464 celeriter

143 485 234 542 dolose
244 485 335 558 vulpis
345 485 431 540 iridis
441 487 529 557 rapuit
538 486 673 540 dentibus.

144 562 214 616 Tum
224 560 334 615 demum
343 561 475 634 ingemuit
483 562 555 616 corvi
565 560 689 630 deceptus
699 567 800 632 stupor.

182 633 247 710 [Hac
256 638 284 690 re
293 635 427 708 probatur,
441 637 579 709 ingenium
592 637 723 707 quantum
733 635 812 700 vaiet,

144 711 241 767 virtute
250 717 275 765 et
284 727 389 783 semper
397 710 530 782 praevalet
539 706 688 785 sapientie]

263 897 331 943 XIV.
354 899 405 942 EX
430 900 575 944 SUTORE
600 899 775 944 nucleus,

182 995 279 1062 Multis
288 1023 350 1062 curn
361 1015 443 1071 sutor,
456 1008 544 1078 inopia
554 1006 715 1078 deperditus,

145 1081 305 1137 medicinam
315 1083 404 1155 ignoto
415 1081 497 1136 iecere
506 1082 632 1153 coepisset
645 1081 710 1146 loco,

144 1166 169 1212 et
178 1157 324 1213 venditaret
333 1155 399 1211 ie'iso
409 1156 555 1210 antidotum
570 1157 686 1221 nomine,

145 1232 264 1287 verbosis
275 1231 420 1303 adquisivit
430 1231 482 1284 sibi
492 1230 591 1285 iamim
604 1231 729 1302 stmphis.

144 1306 194 1362 Hic
202 1309 289 1378 quum
299 1306 392 1361 iaceret
401 1305 494 1361 morbo
504 1304 635 1360 coniectus
645 1306 721 1380 gravi

145 1399 193 1437 rex
202 1381 286 1446 urbis,
299 1380 357 1436 eius
365 1381 518 1453 experiendi
530 1383 615 1455 gretia

145 1456 278 1530 scyphum
288 1457 420 1528 poposcit:
444 1455 501 1512 frist
511 1456 572 1511 dein
584 1455 715 1511 simulins
725 1463 794 1528 aqua

145 1532 256 1586 miscere
266 1530 339 1586 iilius
349 1531 465 1588 entidoto
475 1550 503 1586 se
513 1533 640 1596 toxicum,

145 1606 296 1661 combibere
306 1608 383 1662 iussit
393 1609 492 1679 ipsum,
504 1608 589 1678 posito
598 1608 724 1677 praemio.

90 1691 116 1734 tu
146 1680 251 1736 Timore
261 1683 353 1738 mortis
364 1681 408 1736 iile
418 1690 475 1736 turn
485 1681 622 1736 confessus
632 1688 679 1746 est,

145 1773 199 1811 non
210 1757 272 1811 irtis
283 1756 337 1813 uile
347 1757 464 1812 medicae
474 1775 502 1812 se
512 1756 660 1829 prudentie,
680 1789 682 1796 =

146 1833 239 1886 verum
250 1839 356 1902 stupore
367 1831 451 1904 vulgi,
467 1831 565 1886 iactum
576 1829 701 1886 nobilem.

145 1907 202 1960 Rex
212 1905 334 1962 tdvocatt
346 1907 470 1961 concione
482 1907 547 1960 haec
559 1905 655 1960 edidit:

145 1980 263 2047 Quantae
273 1981 371 2052 putatis
380 1983 438 2036 esse
448 1999 495 2037 vos
505 1980 661 2044 dementiae,

91 2066 116 2110 15
146 2058 194 2127 qui
205 2055 289 2126 capite
300 2064 386 2111 vestra
396 2059 449 2111 non
460 2056 587 2111 dubitetis
598 2056 711 2120 credero,

145 2130 189 2187 cui
200 2129 351 2186 celceandos
363 2134 440 2186 nemo
453 2132 586 2186 commisit
594 2129 692 2203 pedes‘?

183 2205 237 2259 Hoc
247 2205 378 2276 portinere
388 2209 450 2261 vere
460 2206 493 2260 ad
504 2207 564 2261 ilios
574 2206 699 2268 dixerim,

146 2282 261 2352 quorum
271 2280 381 2336 stultitia
392 2284 518 2354 quaestus
529 2281 708 2353 impudentiae
717 2288 765 2333 est.

186 2468 241 2512 XV.
269 2469 406 2515 ASINUS
430 2471 477 2514 Au
503 2470 627 2514 SENEM
652 2467 863 2512 PASTOREM

184 2569 218 2633 In
228 2578 378 2650 principatu
389 2578 576 2634 commutando
585 2577 685 2632 civium

146 2652 185 2708 nii
195 2655 297 2724 praeter
307 2653 408 2708 domini
419 2656 515 2709 nomen
525 2659 628 2708 mutent
637 2655 775 2722 pauperes.

146 2726 177 2782 ld
187 2729 244 2783 esse
254 2729 356 2792 verum,
368 2734 450 2807 perva
462 2727 526 2782 haec
537 2727 629 2782 tabella
640 2727 747 2781 indicet.
