<?xml version="1.0" encoding="UTF-8"?>
<!DOCTYPE html PUBLIC "-//W3C//DTD XHTML 1.0 Transitional//EN"
    "http://www.w3.org/TR/xhtml1/DTD/xhtml1-transitional.dtd">
<html xmlns="http://www.w3.org/1999/xhtml" xml:lang="en" lang="en">
 <head>
  <title>
</title>
<meta http-equiv="Content-Type" content="text/html;charset=utf-8" />
  <meta name='ocr-system' content='tesseract 3.04.00' />
  <meta name='ocr-capabilities' content='ocr_page ocr_carea ocr_par ocr_line ocrx_word'/>
</head>
<body>
  <div class='ocr_page' id='page_1' title='image "./phaedrifabulaea00weisgoog_0169.png"; bbox 0 0 2062 3020; ppageno 0'>
   <div class='ocr_carea' id='block_1_1' title="bbox 302 264 838 321">
    <p class='ocr_par' dir='ltr' id='par_1_1' title="bbox 302 264 838 321">
     <span class='ocr_line' id='line_1_1' title="bbox 302 264 838 321; baseline 0.002 -1"><span class='ocrx_word' id='word_1_1' title='bbox 302 264 539 320; x_wconf 79' lang='lat' dir='ltr'><strong>APPENDIX</strong></span> <span class='ocrx_word' id='word_1_2' title='bbox 576 265 626 320; x_wconf 83' lang='lat' dir='ltr'>lv.</span> <span class='ocrx_word' id='word_1_3' title='bbox 790 271 838 321; x_wconf 66' lang='lat'>159</span> 
     </span>
    </p>
   </div>
   <div class='ocr_carea' id='block_1_2' title="bbox 84 373 896 969">
    <p class='ocr_par' dir='ltr' id='par_1_2' title="bbox 84 373 754 448">
     <span class='ocr_line' id='line_1_2' title="bbox 84 373 754 448; baseline -0.003 -17"><span class='ocrx_word' id='word_1_4' title='bbox 84 375 244 448; x_wconf 77' lang='lat' dir='ltr'><strong>implorabat</strong></span> <span class='ocrx_word' id='word_1_5' title='bbox 251 391 328 446; x_wconf 91' lang='lat' dir='ltr'>opem</span> <span class='ocrx_word' id='word_1_6' title='bbox 338 373 468 444; x_wconf 88' lang='lat' dir='ltr'>divosque</span> <span class='ocrx_word' id='word_1_7' title='bbox 477 373 652 444; x_wconf 82' lang='lat' dir='ltr'>hominesque</span> <span class='ocrx_word' id='word_1_8' title='bbox 661 373 754 429; x_wconf 84' lang='lat' dir='ltr'><strong>ciebat.</strong></span> 
     </span>
    </p>

    <p class='ocr_par' dir='ltr' id='par_1_3' title="bbox 84 448 896 520">
     <span class='ocr_line' id='line_1_3' title="bbox 84 448 896 520; baseline -0.011 -14"><span class='ocrx_word' id='word_1_9' title='bbox 84 451 196 506; x_wconf 85' lang='lat' dir='ltr'>Excitus</span> <span class='ocrx_word' id='word_1_10' title='bbox 206 450 317 504; x_wconf 89' lang='lat' dir='ltr'>adcessit</span> <span class='ocrx_word' id='word_1_11' title='bbox 324 448 396 520; x_wconf 90' lang='lat' dir='ltr'>putei</span> <span class='ocrx_word' id='word_1_12' title='bbox 407 449 511 502; x_wconf 88' lang='lat' dir='ltr'>vicinus</span> <span class='ocrx_word' id='word_1_13' title='bbox 522 448 555 501; x_wconf 94' lang='lat' dir='ltr'>ad</span> <span class='ocrx_word' id='word_1_14' title='bbox 568 464 636 511; x_wconf 89' lang='lat' dir='ltr'>oras,</span> <span class='ocrx_word' id='word_1_15' title='bbox 880 459 896 504; x_wconf 69' lang='lat' dir='ltr'>s</span> 
     </span>
    </p>

    <p class='ocr_par' dir='ltr' id='par_1_4' title="bbox 84 523 835 660">
     <span class='ocr_line' id='line_1_4' title="bbox 84 523 835 650; baseline -0.004 -69"><span class='ocrx_word' id='word_1_16' title='bbox 84 525 173 581; x_wconf 85' lang='lat' dir='ltr'>salsus</span> <span class='ocrx_word' id='word_1_17' title='bbox 183 525 272 588; x_wconf 90' lang='lat' dir='ltr'>homo,</span> <span class='ocrx_word' id='word_1_18' title='bbox 279 531 316 578; x_wconf 88' lang='lat' dir='ltr'>et:</span> <span class='ocrx_word' id='word_1_19' title='bbox 328 523 463 588; x_wconf 81' lang='lat' dir='ltr'>Quaenam</span> <span class='ocrx_word' id='word_1_20' title='bbox 474 523 537 576; x_wconf 91' lang='lat' dir='ltr'>haec</span> <span class='ocrx_word' id='word_1_21' title='bbox 547 529 652 650; x_wconf 76' lang='lat' dir='ltr'>tuadtam</span> <span class='ocrx_word' id='word_1_22' title='bbox 661 531 835 595; x_wconf 85' lang='lat' dir='ltr'>praepostera,</span> 
     </span>
     <span class='ocr_line' id='line_1_5' title="bbox 602 596 659 660; baseline 0.035 -12"><span class='ocrx_word' id='word_1_23' title='bbox 602 596 659 660; x_wconf 82' lang='lat' dir='ltr'>ixit,</span> 
     </span>
    </p>

    <p class='ocr_par' dir='ltr' id='par_1_5' title="bbox 84 671 836 744">
     <span class='ocr_line' id='line_1_6' title="bbox 84 671 836 744; baseline -0.001 -16"><span class='ocrx_word' id='word_1_24' title='bbox 84 671 428 744; x_wconf 67' lang='lat' dir='ltr'>mtratiotNamquiante</span> <span class='ocrx_word' id='word_1_25' title='bbox 437 671 836 742; x_wconf 86' lang='lat' dir='ltr'>pedesquaesuntsita,nescis,</span> 
     </span>
    </p>

    <p class='ocr_par' dir='ltr' id='par_1_6' title="bbox 84 745 664 819">
     <span class='ocr_line' id='line_1_7' title="bbox 84 745 664 819; baseline -0.005 -17"><span class='ocrx_word' id='word_1_26' title='bbox 84 747 179 802; x_wconf 90' lang='lat' dir='ltr'>dissita</span> <span class='ocrx_word' id='word_1_27' title='bbox 189 754 243 801; x_wconf 88' lang='lat' dir='ltr'>tam</span> <span class='ocrx_word' id='word_1_28' title='bbox 254 746 331 819; x_wconf 82' lang='lat' dir='ltr'>longe</span> <span class='ocrx_word' id='word_1_29' title='bbox 340 745 469 817; x_wconf 85' lang='lat' dir='ltr'>profiteris</span> <span class='ocrx_word' id='word_1_30' title='bbox 479 745 564 799; x_wconf 90' lang='lat' dir='ltr'>sidera</span> <span class='ocrx_word' id='word_1_31' title='bbox 578 762 664 799; x_wconf 86' lang='lat' dir='ltr'>nosse.</span> 
     </span>
    </p>

    <p class='ocr_par' dir='ltr' id='par_1_7' title="bbox 84 819 894 969">
     <span class='ocr_line' id='line_1_8' title="bbox 123 819 805 894; baseline 0.001 -19"><span class='ocrx_word' id='word_1_32' title='bbox 123 822 196 889; x_wconf 87' lang='lat' dir='ltr'>Quid</span> <span class='ocrx_word' id='word_1_33' title='bbox 205 839 293 875; x_wconf 88' lang='lat' dir='ltr'>rerum</span> <span class='ocrx_word' id='word_1_34' title='bbox 303 837 409 874; x_wconf 92' lang='lat' dir='ltr'>caussas</span> <span class='ocrx_word' id='word_1_35' title='bbox 420 828 582 891; x_wconf 83' lang='lat' dir='ltr'>naturaeque</span> <span class='ocrx_word' id='word_1_36' title='bbox 591 819 678 875; x_wconf 91' lang='lat' dir='ltr'>abdita</span> <span class='ocrx_word' id='word_1_37' title='bbox 689 823 805 894; x_wconf 76' lang='lat' dir='ltr'>quaeriS,</span> 
     </span>
     <span class='ocr_line' id='line_1_9' title="bbox 84 893 894 969; baseline 0 -19"><span class='ocrx_word' id='word_1_38' title='bbox 84 898 142 969; x_wconf 92' lang='lat' dir='ltr'>ipse</span> <span class='ocrx_word' id='word_1_39' title='bbox 153 897 192 951; x_wconf 87' lang='lat' dir='ltr'>tui</span> <span class='ocrx_word' id='word_1_40' title='bbox 202 897 286 967; x_wconf 86' lang='lat' dir='ltr'>ipsius</span> <span class='ocrx_word' id='word_1_41' title='bbox 296 895 470 967; x_wconf 89' lang='lat' dir='ltr'>propriaeque</span> <span class='ocrx_word' id='word_1_42' title='bbox 482 893 682 949; x_wconf 83' lang='lat' dir='ltr'>oblitesalutis‘?</span> <span class='ocrx_word' id='word_1_43' title='bbox 865 907 894 950; x_wconf 78' lang='lat' dir='ltr'>tu</span> 
     </span>
    </p>
   </div>
   <div class='ocr_carea' id='block_1_3' title="bbox 247 1083 678 1128">
    <p class='ocr_par' dir='ltr' id='par_1_8' title="bbox 247 1083 678 1128">
     <span class='ocr_line' id='line_1_10' title="bbox 247 1083 678 1128; baseline 0.002 -3"><span class='ocrx_word' id='word_1_44' title='bbox 247 1083 353 1127; x_wconf 84' lang='lat' dir='ltr'><strong>LXXIV.</strong></span> <span class='ocrx_word' id='word_1_45' title='bbox 377 1084 442 1125; x_wconf 83' lang='lat' dir='ltr'>LEO</span> <span class='ocrx_word' id='word_1_46' title='bbox 466 1084 512 1125; x_wconf 82' lang='grc' dir='ltr'>ΕΤ</span> <span class='ocrx_word' id='word_1_47' title='bbox 532 1084 678 1128; x_wconf 84' lang='lat' dir='ltr'>VULPES.</span> 
     </span>
    </p>
   </div>
   <div class='ocr_carea' id='block_1_4' title="bbox 84 1186 893 2463">
    <p class='ocr_par' dir='ltr' id='par_1_9' title="bbox 85 1186 807 1415">
     <span class='ocr_line' id='line_1_11' title="bbox 124 1186 807 1267; baseline 0 -17"><span class='ocrx_word' id='word_1_48' title='bbox 124 1186 269 1250; x_wconf 83' lang='lat' dir='ltr'>Confectus</span> <span class='ocrx_word' id='word_1_49' title='bbox 280 1196 352 1249; x_wconf 90' lang='lat' dir='ltr'>senio</span> <span class='ocrx_word' id='word_1_50' title='bbox 363 1194 402 1248; x_wconf 90' lang='lat' dir='ltr'>leo</span> <span class='ocrx_word' id='word_1_51' title='bbox 412 1211 497 1267; x_wconf 92' lang='lat' dir='ltr'>quum</span> <span class='ocrx_word' id='word_1_52' title='bbox 508 1195 561 1247; x_wconf 92' lang='lat' dir='ltr'>iam</span> <span class='ocrx_word' id='word_1_53' title='bbox 571 1212 696 1265; x_wconf 86' lang='lat' dir='ltr'>quaerere</span> <span class='ocrx_word' id='word_1_54' title='bbox 707 1204 807 1250; x_wconf 79' lang='lat' dir='ltr'>victum</span> 
     </span>
     <span class='ocr_line' id='line_1_12' title="bbox 85 1269 785 1340; baseline -0.001 -15"><span class='ocrx_word' id='word_1_55' title='bbox 85 1278 193 1334; x_wconf 83' lang='lat' dir='ltr'>venatu,</span> <span class='ocrx_word' id='word_1_56' title='bbox 206 1277 236 1323; x_wconf 94' lang='lat' dir='ltr'>ut</span> <span class='ocrx_word' id='word_1_57' title='bbox 246 1270 380 1340; x_wconf 90' lang='lat' dir='ltr'>quondam</span> <span class='ocrx_word' id='word_1_58' title='bbox 392 1269 505 1332; x_wconf 89' lang='lat' dir='ltr'>iuvenis,</span> <span class='ocrx_word' id='word_1_59' title='bbox 519 1286 572 1322; x_wconf 92' lang='lat' dir='ltr'>nou</span> <span class='ocrx_word' id='word_1_60' title='bbox 581 1277 677 1339; x_wconf 88' lang='lat' dir='ltr'>posset,</span> <span class='ocrx_word' id='word_1_61' title='bbox 690 1270 718 1323; x_wconf 94' lang='lat' dir='ltr'>id</span> <span class='ocrx_word' id='word_1_62' title='bbox 727 1279 785 1325; x_wconf 92' lang='lat' dir='ltr'>astu</span> 
     </span>
     <span class='ocr_line' id='line_1_13' title="bbox 85 1342 683 1415; baseline -0.007 -16"><span class='ocrx_word' id='word_1_63' title='bbox 85 1345 201 1400; x_wconf 84' lang='lat' dir='ltr'>decrevit</span> <span class='ocrx_word' id='word_1_64' title='bbox 210 1343 379 1415; x_wconf 83' lang='lat' dir='ltr'>facereatque</span> <span class='ocrx_word' id='word_1_65' title='bbox 388 1350 455 1398; x_wconf 90' lang='lat' dir='ltr'>artes</span> <span class='ocrx_word' id='word_1_66' title='bbox 464 1350 562 1397; x_wconf 88' lang='lat' dir='ltr'>tentare</span> <span class='ocrx_word' id='word_1_67' title='bbox 571 1342 683 1396; x_wconf 90' lang='lat' dir='ltr'>dolosas.</span> 
     </span>
    </p>

    <p class='ocr_par' dir='ltr' id='par_1_10' title="bbox 85 1416 752 1492">
     <span class='ocr_line' id='line_1_14' title="bbox 85 1416 752 1492; baseline -0.006 -17"><span class='ocrx_word' id='word_1_68' title='bbox 85 1420 208 1475; x_wconf 88' lang='lat' dir='ltr'>Morbum</span> <span class='ocrx_word' id='word_1_69' title='bbox 218 1436 280 1492; x_wconf 82' lang='lat' dir='ltr'>ergo</span> <span class='ocrx_word' id='word_1_70' title='bbox 289 1418 418 1472; x_wconf 84' lang='lat' dir='ltr'>simulans</span> <span class='ocrx_word' id='word_1_71' title='bbox 430 1419 456 1472; x_wconf 95' lang='lat' dir='ltr'>in</span> <span class='ocrx_word' id='word_1_72' title='bbox 468 1418 542 1488; x_wconf 84' lang='lat' dir='ltr'>opaci</span> <span class='ocrx_word' id='word_1_73' title='bbox 553 1416 674 1471; x_wconf 88' lang='lat' dir='ltr'>faucibus</span> <span class='ocrx_word' id='word_1_74' title='bbox 684 1419 752 1471; x_wconf 90' lang='lat' dir='ltr'>antri</span> 
     </span>
    </p>

    <p class='ocr_par' dir='ltr' id='par_1_11' title="bbox 85 1491 837 1567">
     <span class='ocr_line' id='line_1_15' title="bbox 85 1491 837 1567; baseline 0 -19"><span class='ocrx_word' id='word_1_75' title='bbox 85 1495 227 1567; x_wconf 84' lang='lat' dir='ltr'>procubuit</span> <span class='ocrx_word' id='word_1_76' title='bbox 245 1494 415 1566; x_wconf 82' lang='lat' dir='ltr'>gemitusque</span> <span class='ocrx_word' id='word_1_77' title='bbox 434 1493 515 1546; x_wconf 92' lang='lat' dir='ltr'>dedit.</span> <span class='ocrx_word' id='word_1_78' title='bbox 555 1491 699 1562; x_wconf 90' lang='lat' dir='ltr'>Quumque</span> <span class='ocrx_word' id='word_1_79' title='bbox 717 1492 837 1565; x_wconf 90' lang='lat' dir='ltr'>undique</span> 
     </span>
    </p>

    <p class='ocr_par' dir='ltr' id='par_1_12' title="bbox 553 1563 893 1640">
     <span class='ocr_line' id='line_1_16' title="bbox 553 1563 893 1640; baseline 0.009 -20"><span class='ocrx_word' id='word_1_80' title='bbox 553 1563 615 1621; x_wconf 84' lang='lat' dir='ltr'>&#39;ad</span> <span class='ocrx_word' id='word_1_81' title='bbox 626 1583 735 1640; x_wconf 79' lang='lat' dir='ltr'>aegrum</span> <span class='ocrx_word' id='word_1_82' title='bbox 879 1579 893 1623; x_wconf 81' lang='lat' dir='ltr'>t</span> 
     </span>
    </p>

    <p class='ocr_par' dir='ltr' id='par_1_13' title="bbox 85 1640 727 1715">
     <span class='ocr_line' id='line_1_17' title="bbox 85 1640 727 1715; baseline -0.005 -18"><span class='ocrx_word' id='word_1_83' title='bbox 85 1642 272 1715; x_wconf 82' lang='lat' dir='ltr'>quadrupedes</span> <span class='ocrx_word' id='word_1_84' title='bbox 281 1643 422 1696; x_wconf 87' lang='lat' dir='ltr'>visendum</span> <span class='ocrx_word' id='word_1_85' title='bbox 433 1643 509 1705; x_wconf 86' lang='lat' dir='ltr'>irent,</span> <span class='ocrx_word' id='word_1_86' title='bbox 522 1649 551 1694; x_wconf 93' lang='lat' dir='ltr'>ut</span> <span class='ocrx_word' id='word_1_87' title='bbox 559 1643 679 1712; x_wconf 91' lang='lat' dir='ltr'>protinus</span> <span class='ocrx_word' id='word_1_88' title='bbox 690 1640 727 1695; x_wconf 84' lang='lat' dir='ltr'>ilii</span> 
     </span>
    </p>

    <p class='ocr_par' dir='ltr' id='par_1_14' title="bbox 85 1715 825 1789">
     <span class='ocr_line' id='line_1_18' title="bbox 85 1715 825 1789; baseline 0 -18"><span class='ocrx_word' id='word_1_89' title='bbox 85 1735 208 1789; x_wconf 90' lang='lat' dir='ltr'>quaeque</span> <span class='ocrx_word' id='word_1_90' title='bbox 217 1717 413 1788; x_wconf 83' lang='lat' dir='ltr'>propinquarat,</span> <span class='ocrx_word' id='word_1_91' title='bbox 425 1717 492 1770; x_wconf 92' lang='lat' dir='ltr'>rictu</span> <span class='ocrx_word' id='word_1_92' title='bbox 502 1715 571 1769; x_wconf 91' lang='lat' dir='ltr'>hanc</span> <span class='ocrx_word' id='word_1_93' title='bbox 581 1716 699 1770; x_wconf 90' lang='lat' dir='ltr'>inhiante</span> <span class='ocrx_word' id='word_1_94' title='bbox 710 1716 825 1773; x_wconf 85' lang='lat' dir='ltr'>vorabat.</span> 
     </span>
    </p>

    <p class='ocr_par' dir='ltr' id='par_1_15' title="bbox 85 1791 775 1863">
     <span class='ocr_line' id='line_1_19' title="bbox 85 1791 775 1863; baseline -0.001 -17"><span class='ocrx_word' id='word_1_95' title='bbox 85 1793 140 1847; x_wconf 89' lang='lat' dir='ltr'>Hac</span> <span class='ocrx_word' id='word_1_96' title='bbox 149 1791 258 1845; x_wconf 88' lang='lat' dir='ltr'>demum</span> <span class='ocrx_word' id='word_1_97' title='bbox 268 1791 359 1845; x_wconf 89' lang='lat' dir='ltr'>multis</span> <span class='ocrx_word' id='word_1_98' title='bbox 368 1791 550 1846; x_wconf 87' lang='lat' dir='ltr'>animantibus</span> <span class='ocrx_word' id='word_1_99' title='bbox 559 1800 612 1846; x_wconf 85' lang='lat' dir='ltr'>arte</span> <span class='ocrx_word' id='word_1_100' title='bbox 625 1792 775 1863; x_wconf 88' lang='lat' dir='ltr'>peremptis,</span> 
     </span>
    </p>

    <p class='ocr_par' dir='ltr' id='par_1_16' title="bbox 85 1859 723 1938">
     <span class='ocr_line' id='line_1_20' title="bbox 85 1859 723 1938; baseline 0 -18"><span class='ocrx_word' id='word_1_101' title='bbox 85 1865 190 1920; x_wconf 90' lang='lat' dir='ltr'>visendi</span> <span class='ocrx_word' id='word_1_102' title='bbox 201 1883 292 1920; x_wconf 91' lang='lat' dir='ltr'>caussa</span> <span class='ocrx_word' id='word_1_103' title='bbox 302 1872 327 1920; x_wconf 90' lang='lat' dir='ltr'>et</span> <span class='ocrx_word' id='word_1_104' title='bbox 335 1865 430 1938; x_wconf 82' lang='lat' dir='ltr'>vulpes</span> <span class='ocrx_word' id='word_1_105' title='bbox 440 1859 552 1920; x_wconf 87' lang='lat' dir='ltr'>adcessit</span> <span class='ocrx_word' id='word_1_106' title='bbox 561 1867 595 1921; x_wconf 96' lang='lat' dir='ltr'>ad</span> <span class='ocrx_word' id='word_1_107' title='bbox 608 1874 723 1931; x_wconf 86' lang='lat' dir='ltr'>antrum,</span> 
     </span>
    </p>

    <p class='ocr_par' dir='ltr' id='par_1_17' title="bbox 85 1940 891 2014">
     <span class='ocr_line' id='line_1_21' title="bbox 85 1940 891 2014; baseline 0.001 -18"><span class='ocrx_word' id='word_1_108' title='bbox 85 1950 174 2014; x_wconf 88' lang='lat' dir='ltr'>atque,</span> <span class='ocrx_word' id='word_1_109' title='bbox 187 1958 201 1995; x_wconf 92' lang='lat' dir='ltr'>a</span> <span class='ocrx_word' id='word_1_110' title='bbox 212 1940 343 1996; x_wconf 80' lang='lat' dir='ltr'>vestibulo</span> <span class='ocrx_word' id='word_1_111' title='bbox 352 1948 487 2014; x_wconf 83' lang='lat' dir='ltr'>aegmtum</span> <span class='ocrx_word' id='word_1_112' title='bbox 498 1941 611 1996; x_wconf 89' lang='lat' dir='ltr'>clamore</span> <span class='ocrx_word' id='word_1_113' title='bbox 621 1942 747 2006; x_wconf 84' lang='lat' dir='ltr'>salutans,</span> <span class='ocrx_word' id='word_1_114' title='bbox 863 1953 891 1997; x_wconf 81' lang='lat' dir='ltr'>to</span> 
     </span>
    </p>

    <p class='ocr_par' dir='ltr' id='par_1_18' title="bbox 85 2015 758 2089">
     <span class='ocr_line' id='line_1_22' title="bbox 85 2015 758 2089; baseline -0.001 -18"><span class='ocrx_word' id='word_1_115' title='bbox 85 2034 140 2088; x_wconf 92' lang='lat' dir='ltr'>quo</span> <span class='ocrx_word' id='word_1_116' title='bbox 150 2015 228 2071; x_wconf 94' lang='lat' dir='ltr'>modo</span> <span class='ocrx_word' id='word_1_117' title='bbox 238 2016 352 2079; x_wconf 89' lang='lat' dir='ltr'>haberet,</span> <span class='ocrx_word' id='word_1_118' title='bbox 364 2033 426 2070; x_wconf 92' lang='lat' dir='ltr'>eum</span> <span class='ocrx_word' id='word_1_119' title='bbox 436 2023 511 2070; x_wconf 88' lang='lat' dir='ltr'>caute</span> <span class='ocrx_word' id='word_1_120' title='bbox 521 2015 635 2071; x_wconf 77' lang='lat' dir='ltr'>officiosa</span> <span class='ocrx_word' id='word_1_121' title='bbox 647 2017 758 2089; x_wconf 83' lang='lat' dir='ltr'>rogavit.</span> 
     </span>
    </p>

    <p class='ocr_par' dir='ltr' id='par_1_19' title="bbox 85 2089 713 2164">
     <span class='ocr_line' id='line_1_23' title="bbox 85 2089 713 2164; baseline -0.003 -18"><span class='ocrx_word' id='word_1_122' title='bbox 85 2091 267 2164; x_wconf 88' lang='lat' dir='ltr'>Respondento</span> <span class='ocrx_word' id='word_1_123' title='bbox 277 2089 331 2153; x_wconf 84' lang='lat' dir='ltr'>illo,</span> <span class='ocrx_word' id='word_1_124' title='bbox 344 2106 444 2144; x_wconf 88' lang='lat' dir='ltr'>severo</span> <span class='ocrx_word' id='word_1_125' title='bbox 452 2090 580 2161; x_wconf 84' lang='lat' dir='ltr'>pessimat</span> <span class='ocrx_word' id='word_1_126' title='bbox 601 2107 713 2162; x_wconf 91' lang='lat' dir='ltr'>eamque</span> 
     </span>
    </p>

    <p class='ocr_par' dir='ltr' id='par_1_20' title="bbox 84 2163 745 2237">
     <span class='ocr_line' id='line_1_24' title="bbox 84 2163 745 2237; baseline -0.002 -17"><span class='ocrx_word' id='word_1_127' title='bbox 84 2172 278 2237; x_wconf 87' lang='lat' dir='ltr'>percunctante,</span> <span class='ocrx_word' id='word_1_128' title='bbox 292 2163 366 2218; x_wconf 92' lang='lat' dir='ltr'>aulae</span> <span class='ocrx_word' id='word_1_129' title='bbox 376 2181 423 2218; x_wconf 82' lang='lat' dir='ltr'>cur</span> <span class='ocrx_word' id='word_1_130' title='bbox 433 2182 485 2219; x_wconf 92' lang='lat' dir='ltr'>non</span> <span class='ocrx_word' id='word_1_131' title='bbox 496 2165 627 2236; x_wconf 87' lang='lat' dir='ltr'>penetrale</span> <span class='ocrx_word' id='word_1_132' title='bbox 636 2165 745 2232; x_wconf 86' lang='lat' dir='ltr'>subiret,</span> 
     </span>
    </p>

    <p class='ocr_par' dir='ltr' id='par_1_21' title="bbox 85 2238 688 2312">
     <span class='ocr_line' id='line_1_25' title="bbox 85 2238 688 2312; baseline -0.002 -17"><span class='ocrx_word' id='word_1_133' title='bbox 85 2240 201 2312; x_wconf 86' lang='lat' dir='ltr'>suscepit</span> <span class='ocrx_word' id='word_1_134' title='bbox 211 2239 318 2310; x_wconf 83' lang='lat' dir='ltr'>vulpes:</span> <span class='ocrx_word' id='word_1_135' title='bbox 340 2238 408 2304; x_wconf 88' lang='lat' dir='ltr'>Quia</span> <span class='ocrx_word' id='word_1_136' title='bbox 418 2256 461 2292; x_wconf 91' lang='lat' dir='ltr'>me</span> <span class='ocrx_word' id='word_1_137' title='bbox 471 2240 581 2312; x_wconf 82' lang='lat' dir='ltr'>vestigia</span> <span class='ocrx_word' id='word_1_138' title='bbox 592 2247 688 2294; x_wconf 88' lang='lat' dir='ltr'>terrent</span> 
     </span>
    </p>

    <p class='ocr_par' dir='ltr' id='par_1_22' title="bbox 85 2314 892 2463">
     <span class='ocr_line' id='line_1_26' title="bbox 85 2314 892 2384; baseline -0.001 -15"><span class='ocrx_word' id='word_1_139' title='bbox 85 2315 174 2370; x_wconf 91' lang='lat' dir='ltr'>omuia</span> <span class='ocrx_word' id='word_1_140' title='bbox 185 2322 210 2368; x_wconf 91' lang='lat' dir='ltr'>te</span> <span class='ocrx_word' id='word_1_141' title='bbox 219 2314 360 2368; x_wconf 87' lang='lat' dir='ltr'>adversum</span> <span class='ocrx_word' id='word_1_142' title='bbox 370 2314 522 2384; x_wconf 88' lang='lat' dir='ltr'>spectantia,</span> <span class='ocrx_word' id='word_1_143' title='bbox 536 2314 609 2369; x_wconf 83' lang='lat' dir='ltr'>nulla</span> <span class='ocrx_word' id='word_1_144' title='bbox 618 2316 775 2369; x_wconf 78' lang='lat' dir='ltr'>retrorsum!</span> <span class='ocrx_word' id='word_1_145' title='bbox 863 2324 892 2369; x_wconf 82' lang='lat' dir='ltr'>to</span> 
     </span>
     <span class='ocr_line' id='line_1_27' title="bbox 122 2388 833 2463; baseline 0 -19"><span class='ocrx_word' id='word_1_146' title='bbox 122 2391 217 2462; x_wconf 81' lang='lat' dir='ltr'>Magna</span> <span class='ocrx_word' id='word_1_147' title='bbox 228 2388 296 2442; x_wconf 84' lang='lat' dir='ltr'>mata</span> <span class='ocrx_word' id='word_1_148' title='bbox 305 2405 338 2442; x_wconf 89' lang='lat' dir='ltr'>cx</span> <span class='ocrx_word' id='word_1_149' title='bbox 349 2388 453 2442; x_wconf 89' lang='lat' dir='ltr'>levibus</span> <span class='ocrx_word' id='word_1_150' title='bbox 464 2389 528 2441; x_wconf 88' lang='lat' dir='ltr'>vitot</span> <span class='ocrx_word' id='word_1_151' title='bbox 537 2405 611 2444; x_wconf 90' lang='lat' dir='ltr'>meus</span> <span class='ocrx_word' id='word_1_152' title='bbox 620 2389 729 2462; x_wconf 88' lang='lat' dir='ltr'>provida</span> <span class='ocrx_word' id='word_1_153' title='bbox 738 2390 833 2463; x_wconf 82' lang='lat' dir='ltr'>signis.</span> 
     </span>
    </p>
   </div>
   <div class='ocr_carea' id='block_1_5' title="bbox 303 2575 698 2621">
    <p class='ocr_par' dir='ltr' id='par_1_23' title="bbox 303 2575 698 2621">
     <span class='ocr_line' id='line_1_28' title="bbox 303 2575 698 2621; baseline -0.003 -2"><span class='ocrx_word' id='word_1_154' title='bbox 303 2575 399 2619; x_wconf 84' lang='lat' dir='ltr'>LXXV.</span> <span class='ocrx_word' id='word_1_155' title='bbox 423 2575 698 2621; x_wconf 65' lang='lat' dir='ltr'>remandamus.</span> 
     </span>
    </p>
   </div>
   <div class='ocr_carea' id='block_1_6' title="bbox 87 2680 674 2834">
    <p class='ocr_par' dir='ltr' id='par_1_24' title="bbox 87 2680 674 2834">
     <span class='ocr_line' id='line_1_29' title="bbox 122 2680 636 2759; baseline 0.002 -18"><span class='ocrx_word' id='word_1_156' title='bbox 122 2680 176 2741; x_wconf 87' lang='lat' dir='ltr'>Per</span> <span class='ocrx_word' id='word_1_157' title='bbox 185 2685 351 2759; x_wconf 79' lang='lat' dir='ltr'>confragosos</span> <span class='ocrx_word' id='word_1_158' title='bbox 361 2687 425 2744; x_wconf 80' lang='lat' dir='ltr'>forte</span> <span class='ocrx_word' id='word_1_159' title='bbox 435 2687 517 2742; x_wconf 86' lang='lat' dir='ltr'>saltus</span> <span class='ocrx_word' id='word_1_160' title='bbox 527 2688 636 2744; x_wconf 76' lang='lat' dir='ltr'>devium</span> 
     </span>
     <span class='ocr_line' id='line_1_30' title="bbox 87 2761 674 2834; baseline -0.002 -17"><span class='ocrx_word' id='word_1_161' title='bbox 87 2763 215 2834; x_wconf 78' lang='lat' dir='ltr'>quaerens</span> <span class='ocrx_word' id='word_1_162' title='bbox 226 2761 368 2816; x_wconf 87' lang='lat' dir='ltr'>iuvencum</span> <span class='ocrx_word' id='word_1_163' title='bbox 378 2763 479 2818; x_wconf 77' lang='lat' dir='ltr'>errabat</span> <span class='ocrx_word' id='word_1_164' title='bbox 489 2763 674 2831; x_wconf 75' lang='lat' dir='ltr'>armentarius,</span> 
     </span>
    </p>
   </div>
   <div class='ocr_carea' id='block_1_7' title="bbox 0 0 1036 3020">
    <p class='ocr_par' dir='ltr' id='par_1_25' title="bbox 0 0 1036 3020">
     <span class='ocr_line' id='line_1_31' title="bbox 0 0 1036 3020; baseline 0 0"><span class='ocrx_word' id='word_1_165' title='bbox 0 0 1036 3020; x_wconf 95' lang='lat' dir='ltr'> </span> 
     </span>
    </p>
   </div>
  </div>
 </body>
</html>
