2030 3022
195 176 228 230 28
347 171 519 226 PHAEDRI
552 171 794 227 FABULARUM

141 291 166 335 15
196 280 263 337 Veni
273 283 335 353 ergo
346 296 461 334 mecum.
500 281 569 334 Dum
583 279 736 351 proeedunt,
747 279 861 352 tdspioit

196 355 400 427 iupusaoatena
410 352 508 408 uilium
518 354 642 410 detritum
651 354 721 409 cani.

197 429 271 485 Unde
281 429 339 493 huc,
351 427 454 483 amine?
487 429 560 482 Nihil
571 437 619 482 est.
658 429 714 494 Dic,
726 431 834 500 quaesti,
847 437 944 485 tamen.

188 504 264 572 'Quia
274 503 365 558 videor
376 520 443 567 acer,
455 503 566 577 tiligant
576 521 619 558 me
628 503 753 568 intirdiu

195 579 255 634 luoa
264 583 293 633 ut
301 579 447 650 quiescam,
459 585 485 632 et
496 577 614 651 vigilem,
627 595 680 633 nox
690 595 777 650 quum
787 580 905 636 venerit:
917 623 922 634 .

140 664 166 708 20
196 652 350 725 crepusculo
360 652 471 716 solutus,
483 669 538 724 qua
548 653 638 708 visum
648 656 696 717 est,
707 669 798 728 vagor.
841 703 845 708 .

195 727 311 783 Affertur
319 727 387 782 uitro
397 727 483 798 panis,
495 727 527 782 de
537 732 627 782 mensa
638 744 687 782 sua

181 802 240 857 ·dat
248 806 308 858 tissa
318 801 457 869 dominus3
480 801 561 858 irirsta
573 802 648 856 iactat
659 800 768 868 familia,

195 885 229 942 et,
244 877 315 948 qutd
325 875 424 930 fastidit
433 879 558 948 quisque,
571 876 789 948 pulmentarium.

196 951 240 1007 Sic
249 955 307 1006 sine
318 950 406 1006 labore
416 955 507 1005 venter
517 950 641 1022 impietur
651 969 737 1006 meus.

140 1037 167 1082 25
194 1027 259 1100 Age,
272 1028 295 1080 si
306 1042 360 1097 quo
371 1025 443 1080 abire
452 1033 491 1079 est
500 1027 616 1091 animus,
628 1035 667 1080 est
678 1025 798 1081 licentia?

196 1103 254 1156 Non
264 1100 341 1172 piane
351 1109 399 1164 est,
410 1100 508 1173 inquit.
547 1101 653 1167 Fruere,
666 1118 735 1172 quae
744 1099 847 1166 laudis,
859 1103 935 1157 oanis

196 1180 306 1250 regnare
315 1174 385 1239 noio,
398 1173 464 1229 liber
476 1181 566 1230 utnon
577 1178 629 1230 sim
640 1175 718 1230 mihi.

340 1392 405 1435 VIII.
429 1393 580 1436 FRATER
604 1393 652 1437 ΕΤ
678 1393 799 1438 sokun.

199 1533 339 1612 Praecepto
349 1543 474 1608 monitus,
487 1547 564 1614 sae'pe
574 1551 598 1595 ta
610 1539 755 1595 considera.
779 1605 785 1615 ,

218 1623 220 1628 '
234 1615 351 1671 Habebat
360 1618 469 1690 quidam
481 1616 565 1672 itiiam
577 1615 769 1687 turpissimam,

197 1689 321 1762 idemque
334 1693 466 1765 insignem
477 1691 586 1763 pulchra
597 1689 661 1744 facie
671 1689 769 1744 iilium.

196 1765 229 1818 Hi
238 1764 386 1836 spinulum,
401 1767 427 1820 in
438 1767 558 1821 cathedra
569 1765 660 1820 matris
669 1773 699 1820 ut
709 1764 824 1836 positum
834 1763 898 1832 fuit,

142 1850 154 1892 5
196 1839 331 1910 pueriliter
342 1840 470 1904 ludentes,
484 1840 547 1896 inrta
559 1840 736 1911 inspexerant.

196 1913 245 1967 iiio
254 1917 282 1968 se'
292 1913 437 1970 formosum
448 1915 546 1983 iietat3·
558 1915 602 1969 ilia
616 1915 745 1978 irascitur,

198 2005 246 2042 nec
254 1988 391 2062 gltriantis
401 1989 513 2044 sustinet
522 1988 609 2044 fratris
619 1989 698 2053 iocos,

197 2064 328 2134 accipiens
336 2064 412 2137 (quid
421 2062 520 2136 enimi)
530 2069 621 2119 cuncta
633 2063 660 2117 iu
671 2059 872 2135 eontumtliam.

196 2137 267 2211 Ergo
276 2137 310 2193 td
320 2148 419 2209 patrem
429 2139 551 2204 decurrit,
563 2138 665 2194 laesura
677 2137 800 2202 invioem‚

143 2222 169 2264 tu
197 2218 347 2285 magnaque
357 2213 457 2269 invidia
468 2215 623 2269 criminatur
633 2211 730 2278 filium,

142 2293 144 2295 ’
199 2287 240 2340 vir
250 2292 328 2341 nttus
338 2289 411 2360 quod
421 2306 476 2344 rem
487 2288 646 2343 feminarum
658 2285 778 2360 titigerit.

198 2360 345 2431 Ampiixus
356 2362 400 2417 ilie
412 2367 562 2436 utrumque,
575 2372 600 2418 et
607 2379 717 2434 carpens
727 2357 827 2424 iscula,

197 2434 356 2509 duluemque
367 2439 392 2492 in
403 2439 494 2493 ambos
504 2439 637 2492 caritatem
646 2436 770 2508 ptrtiens‚

198 2509 332 2576 Quotidia‚·
342 2513 437 2586 inquit,
453 2511 559 2584 speculo
569 2529 616 2566 vos
629 2514 669 2580 uti
683 2508 750 2574 volo,

144 2593 170 2636 15
199 2591 228 2638 tu
239 2583 350 2641 firmam
362 2605 394 2642 ue
404 2591 555 2657 corrumpas
567 2585 699 2658 nequitiae
709 2583 801 2651 maiis,

199 2667 228 2711 tu
238 2657 331 2715 itciem
340 2670 371 2716 ut
379 2662 458 2716 istam
468 2661 588 2716 muribus
599 2661 690 2716 vincas
699 2659 787 2716 bonis,
