2062 3020
347 159 584 215 APPENDIX
621 160 669 215 lv.

282 375 332 418 Lx.
356 375 498 418 VULPES
521 375 566 417 ET
591 373 735 424 namn.

173 479 283 558 Vulpes
293 494 318 541 et
326 486 414 558 aquila
425 489 513 540 amore
522 497 625 540 iunctae
635 489 736 552 mutuo,

136 571 166 618 ut
176 562 291 617 amicitia
301 561 456 615 adolesceret
467 561 572 625 vicinia,

135 638 255 692 habitare
264 636 401 690 decrevere
413 635 508 689 iunctis
518 634 637 688 sedibus.

136 713 170 766 Et
179 711 244 765 hae'o
253 709 363 783 quidem
375 709 468 764 locavit
478 709 529 763 alta
539 710 566 763 in
576 710 667 762 trbore

137 785 241 849 nidum,
254 784 299 838 illa
309 801 371 839 vero
381 785 409 838 in
418 787 532 839 odnoavo
542 784 599 836 eius
612 782 727 838 caddioe.
825 827 827 830 .

137 863 173 914 lta
183 859 278 914 deinde
287 858 370 913 iaetus
381 861 492 930 titraque
501 857 582 912 edidit
594 875 666 912 suos.

135 933 279 998 Sedenim,
292 933 403 1004 proiecta
414 933 494 1004 viilpe
506 932 641 1004 quondam
651 931 685 988 ad
695 931 834 1004 pabulum,

135 1007 226 1080 aquila
241 1007 310 1062 fame
323 1009 427 1062 incitata
437 1007 500 1062 nido
513 1007 638 1062 devoians

136 1084 165 1138 in
175 1082 257 1138 histro
269 1081 357 1153 vulpis
367 1082 440 1136 illius
451 1085 524 1137 natos
534 1083 586 1136 sibi

134 1161 247 1230 suisque
257 1157 361 1211 duloem
371 1156 469 1211 rettulit
477 1156 559 1228 pullis
569 1157 669 1210 cibum.

136 1234 251 1288 Reversa
263 1230 365 1302 vulpes,
376 1229 496 1286 foeditate
506 1231 608 1303 adgnita

135 1308 173 1362 rei
184 1313 262 1379 atqua
272 1306 342 1376 rupti
354 1305 509 1378 indignitate
519 1304 638 1368 foederis,

134 1385 266 1453 quantum
277 1379 374 1435 doloris
384 1385 463 1450 atque
473 1378 560 1434 tuctus
570 1378 666 1450 ceperit

135 1472 271 1528 quamque
282 1455 418 1526 impotenti
429 1453 549 1508 incendio
559 1453 658 1508 irarum
671 1453 771 1518 arserit,

135 1535 255 1600 reputare
265 1529 356 1600 quivis
366 1529 398 1582 da
408 1546 457 1582 suo
467 1531 547 1584 sensti
555 1537 648 1599 potest.

134 1605 188 1658 Neo
198 1606 260 1659 vero
270 1603 361 1656 acerba
374 1608 427 1657 tam
437 1620 548 1657 suorum
558 1603 671 1658 liberum
733 1643 739 1656 .

134 1677 239 1733 dolebat
249 1676 294 1732 illa
304 1679 394 1742 morte,
407 1695 489 1749 quam
502 1677 574 1749 quod
583 1677 637 1732 aliti

134 1752 262 1806 terrestris
274 1753 331 1824 ipsa
342 1754 395 1806 non
406 1751 543 1807 videbatdr
552 1751 604 1806 iere

134 1831 265 1898 umqudm
277 1843 368 1880 nooare
377 1829 461 1897 posse,
477 1843 525 1881 nec
536 1844 584 1897 par
594 1825 711 1880 reddere.

133 1901 212 1968 Quod
220 1904 282 1975 ergo
292 1901 388 1954 misera
396 1904 504 1972 poterat,
516 1901 584 1956 illud
592 1901 691 1955 scilieet

133 1975 253 2040 faciebat,
266 1983 296 2030 ut
305 1976 447 2047 superbam
457 1976 485 2030 in
496 1975 672 2030 adversariam

133 2050 230 2122 probra
239 2055 319 2122 tique
328 2050 420 2104 inanes
430 2050 520 2105 rabida
534 2051 639 2109 iactaret
648 2050 744 2105 minas.

133 2125 186 2180 Sod
197 2128 249 2180 non
260 2125 307 2180 diu
318 2132 357 2178 est
366 2124 459 2180 laetata
469 2125 574 2197 ruptrix
584 2123 695 2180 foederis
721 2174 728 2182 .

133 2217 183 2254 sua
193 2199 316 2255 insolenti
326 2199 437 2254 inidria:
459 2217 521 2254 nam
533 2199 638 2254 rnstiais

133 2274 234 2346 capella
246 2277 273 2328 tn
284 2291 347 2347 agro
356 2273 419 2329 forte
431 2274 650 2340 sacrificantibus,

133 2347 180 2403 illa
190 2348 316 2404 advolans
326 2348 440 2403 frustum
451 2348 579 2403 involavit
588 2349 718 2414 carnium,

132 2424 176 2477 cui
187 2423 264 2478 carbo
274 2423 390 2478 candens
399 2425 414 2477 a
423 2422 480 2478 fooo
490 2440 563 2478 sacro
577 2424 703 2478 haeserat.

132 2497 211 2564 Quod
220 2515 306 2570 quum
317 2497 450 2553 intulisset
460 2498 532 2564 nido,
545 2498 568 2551 is
578 2497 710 2552 oecultum
720 2495 811 2551 tridua

131 2571 252 2644 concepit
263 2572 367 2646 ignem:
390 2572 452 2628 dein
462 2581 547 2628 ooorto
556 2571 726 2626 odmmodum

134 2654 213 2703 vento
222 2647 333 2702 excitata
342 2647 449 2703 sstntma
460 2649 487 2702 in
499 2645 603 2719 aquilae
613 2644 683 2700 filios

926 792 939 836 5
