2062 3020
206 231 254 282 tes
390 226 539 282 FAERNI
566 227 757 282 FABULAE.

203 335 327 403 exhibui3
349 334 414 390 laeta
425 343 504 406 atque
512 335 592 390 alacri
603 351 671 406 quae
680 332 764 389 fronte
773 335 910 402 renidens,

147 420 173 466 20
202 409 327 464 dulcibus
337 410 438 480 excepit
446 409 572 464 furtivam
582 409 717 463 blanditiis
726 427 792 463 rem.

202 483 275 548 Inde,
287 483 346 538 aliis
356 501 433 555 porro
442 491 521 555 atque
531 483 590 538 aliis
599 501 645 554 per
656 491 770 554 tempora
781 483 858 538 furtis

203 558 366 613 succedentia
376 567 519 630 grassatus,
533 558 596 612 huic
606 558 703 611 scilicet
712 559 769 622 arti,

202 632 266 686 huic
275 632 343 686 vitae
352 633 441 705 generi
451 632 569 696 adsuevi,
582 632 626 685 cui
634 633 706 685 triste
715 631 810 686 videtIs

203 706 363 778 supplicium
375 724 520 778 saevaeque
529 707 614 760 crucis
623 713 751 760 tormenta
760 707 858 776 parari:

201 797 270 850 quae
284 779 359 835 facile
369 781 466 835 evitare
474 781 541 834 mibi
552 780 668 834 licuisset
677 788 702 832 et
711 798 768 834 esse

202 854 339 920 incolumi,
352 855 385 909 ad
395 872 479 908 mores
492 871 617 910 conversa
626 863 713 908 mente
721 854 852 926 probatos,

203 930 226 982 si
235 947 279 982 me
288 929 353 984 haec
362 937 479 984 materno
489 929 600 1000 imperto
609 927 743 1002 flagroque
753 928 855 983 salubri

202 1011 352 1074 peccantem
362 1004 458 1058 teneris
467 1004 645 1076 castigavisset
655 1005 683 1056 in
697 1004 784 1057 annis

240 1077 359 1132 Exitium
370 1079 437 1132 natis
448 1078 515 1150 parit
525 1076 688 1150 indulgentia
698 1085 814 1148 patrum.

451 1249 547 1292 LXXII.
572 1249 700 1293 VATES.

240 1330 274 1392 In
284 1339 375 1410 populi
386 1347 460 1394 coetu
469 1339 557 1394 medic
565 1339 668 1410 privata
679 1339 787 1394 canebat

203 1423 246 1467 vat
247 1430 274 1466 es
236 1413 334 1468 lata
343 1413 407 1479 foro
420 1423 444 1468 et
454 1432 522 1486 quae
532 1431 665 1486 quemque
675 1421 767 1468 eventa
777 1424 925 1471 manerent.

202 1487 268 1541 Ecce
277 1489 466 1559 superveniens
476 1506 567 1544 securo
577 1488 688 1542 nuntius
701 1488 740 1542 illi

202 1564 331 1633 exposuit,
343 1562 414 1617 fures
424 1581 470 1636 per
481 1571 582 1635 apertas
591 1562 655 1617 lorte
664 1562 789 1617 fenestras
1023 1575 1024 1636 ฮพ

203 1636 276 1691 rlhus
285 1644 433 1710 penetrasse
443 1638 562 1704 domum
575 1655 696 1710 quaeque
707 1639 779 1692 intus
790 1645 852 1702 erat
866 1655 924 1693 rem
1023 1623 1024 1687 l

202 1712 365 1782 absportasse
374 1731 480 1767 omnem
490 1721 515 1766 et
525 1730 622 1768 vacuos
631 1712 742 1799 liquisse
755 1720 871 1783 penates
1023 1697 1024 1740 l

201 1785 248 1839 Ille
258 1804 366 1859 gemens
377 1789 508 1860 mistoque
518 1789 589 1842 ciens
599 1788 714 1860 suspiria
724 1786 795 1851 fletu,

202 1861 310 1915 visurus
320 1879 367 1916 sua
378 1863 483 1926 damna,
496 1863 581 1935 gradu
591 1879 648 1916 sese
657 1863 718 1916 inde
730 1863 806 1916 citato

201 1936 339 2006 proripuit.
380 1937 430 1992 Cui
440 1945 497 1990 tum
508 1938 594 1991 media
604 1937 637 1992 de
646 1936 722 2009 plebe
732 1936 844 1991 facetus:

147 2018 173 2060 to
202 2026 250 2063 cur
259 2017 289 2063 tu
299 2009 367 2075 aliis,
379 2011 475 2083 inquit,
486 2012 635 2082 praedicere
643 2011 693 2066 lata
703 2010 845 2083 professus,

201 2100 254 2137 non
265 2085 329 2138 haec
339 2086 395 2156 ipse
405 2087 452 2140 tibi
462 2087 579 2141 cecinisti
590 2087 713 2141 instantia
724 2084 839 2140 damna?

239 2157 290 2224 Qui
301 2160 352 2213 sibi
363 2178 415 2214 non
426 2161 507 2232 sapit,
524 2162 568 2215 hic
577 2163 681 2233 sapiens
692 2161 759 2215 mihi
769 2160 883 2214 nonerit
892 2178 954 2214 um-

697 2253 789 2307 quam.
1023 2257 1024 2268 ยน

382 2405 489 2448 LXXIII.
515 2406 757 2450 ASTROLOGUS.

240 2481 365 2545 Obscura
380 2493 526 2566 astrologus
539 2496 661 2568 graditur
677 2495 742 2550 dum
758 2497 842 2550 noctis
852 2498 880 2551 in
892 2515 953 2552 um-

203 2635 319 2690 intentus
329 2636 398 2690 caelo
408 2646 433 2691 et
441 2640 516 2694 tacite
527 2641 676 2697 labentibus
686 2570 772 2709 edilis,

202 2706 315 2760 decidit
308 2726 335 2761 in
345 2717 465 2778 puteum,
478 2729 594 2785 casuque
605 2716 741 2771 adtlictus
734 2719 836 2790 iniquo,
