2062 3020
143 239 191 294 ue
329 217 696 289 ruunur'ruuunru.

307 387 377 430 xlx.
401 388 547 432 VULPES
571 387 620 430 ET
645 389 726 432 [ΝΑ.

180 472 288 551 Vulpes
298 481 416 533 esuriens
427 479 477 533 alta
488 479 520 532 de
531 479 583 532 vite
592 495 707 534 raeemos

141 555 284 625 pendentes
295 553 369 608 nulla
379 570 464 624 quum
475 569 598 624 prensare
607 561 662 607 arte
671 552 776 619 valeret,

142 646 190 683 nec
200 627 313 700 pedibus
325 635 427 682 tantum
437 637 483 682 aut
492 623 555 700 agili
565 644 594 680 se
605 626 692 682 uellere
700 627 779 694 saltu,

142 721 171 758 re
180 702 273 758 infecta
283 701 434 766 abscedens,
445 702 510 755 haee
519 717 622 756 seeum:
634 701 690 775 Age
698 702 802 758 desine!
813 703 894 770 dixit,

143 778 284 831 immatura
294 793 346 830 uva
356 783 395 830 est
403 783 538 849 gustuque
548 775 668 831 insuavis
679 777 779 832 anarbo.

179 851 345 907 Consuevere
355 851 485 915 homines,
496 859 592 906 eventu
602 851 625 904 si
635 868 688 922 qua
698 851 806 907 sinistro

143 932 202 980 vota
211 925 318 989 eadunt,
330 925 363 978 iis
373 941 429 978 sese
439 924 537 979 alienos
547 924 614 980 veile
627 925 721 982 videri.

278 1061 337 1107 XX.
361 1062 505 1106 CORVUS
529 1064 577 1108 ET
601 1064 756 1109 VULPES.

179 1144 282 1208 Insedit
292 1153 357 1209 altae
366 1157 461 1212 cdrvus
471 1153 535 1209 olim
545 1155 655 1226 quercui

143 1231 226 1284 rostrd
235 1229 323 1300 rapaci
333 1229 400 1283 casei
411 1227 526 1284 frustum
537 1237 640 1297 tenens3

142 1321 223 1375 quem
233 1303 306 1358 vaira
315 1303 413 1357 blando
422 1303 544 1377 adgressa
556 1303 594 1356 sio
604 1303 698 1374 vulpes
708 1304 768 1359 dolo
777 1313 829 1360 est:

142 1376 795 1450 quampulchramavem,quamsplendidecultam
805 1382 896 1436 intuor
1003 1381 1004 1428 ἶ

142 1456 237 1524 pennis
248 1453 348 1507 decoris
357 1458 437 1524 atque
450 1451 663 1507 versieoldribusl

141 1526 228 1593 Salve,
240 1529 337 1600 inquit,
348 1529 511 1601 ogenerdsa!
533 1525 611 1593 Quod
620 1527 642 1580 si
652 1527 767 1598 praedita

141 1605 220 1658 oantir
229 1601 333 1667 fuisses,
346 1603 445 1656 summi
454 1620 511 1656 eras
521 1601 575 1656 ales
585 1602 664 1656 lovis.

142 1677 188 1731 His
199 1676 244 1731 ule
255 1695 366 1751 magnae
375 1676 499 1732 inductus
509 1676 537 1732 in
548 1694 622 1747 spem
632 1675 738 1749 glaries,

141 1759 220 1807 cantu
231 1751 352 1807 indeeoro
362 1755 440 1807 rauca
450 1751 529 1807 solvit
537 1758 654 1825 guttura.

87 1835 113 1879 10
143 1827 212 1880 Turn
223 1827 370 1898 versipellis
380 1827 514 1881 decidente
523 1831 597 1881 caseo

143 1899 236 1971 vulpes
245 1903 338 1972 potita:
360 1901 443 1958 Cdrve
454 1909 493 1966 tu,
506 1901 602 1973 inquit,
614 1901 704 1955 dmnia

143 1974 353 2040 habesabunde3
375 1974 704 2030 mentedumtandtcares!

179 2049 232 2116 Qui
242 2053 329 2106 odram
339 2053 367 2105 in
377 2067 407 2104 os
416 2058 441 2105 te
451 2049 547 2114 laudat,
562 2049 671 2105 insidias
681 2049 772 2116 struit;

141 2125 189 2196 qui
200 2124 278 2180 laude
288 2125 347 2180 fleta
357 2125 470 2188 diruitur,
481 2141 526 2179 eor
536 2128 588 2180 udn
599 2125 686 2179 habet.

180 2262 250 2307 xxi.
274 2265 359 2310 ulus
383 2264 529 2310 FESTUS
554 2263 602 2307 ET
626 2259 852 2306 PROFESTUS.

179 2345 291 2408 Festum
301 2359 330 2410 in
340 2357 410 2411 diem
420 2357 550 2429 proidsius
560 2356 738 2411 insurrexerat

141 2424 232 2480 odidsa
242 2445 339 2501 magno
349 2431 444 2500 prdbra
453 2431 566 2484 elamore
576 2433 714 2502 ingerens:

141 2499 213 2564 Quid
223 2507 256 2564 te,
268 2503 364 2575 inquit,
377 2505 480 2574 ignave,
492 2506 550 2558 esse
558 2505 663 2558 tandem
673 2505 819 2568 existimas,

142 2573 191 2644 qui
201 2580 255 2628 tam
264 2575 345 2630 etiosa
354 2575 491 2631 delicatam
501 2593 531 2632 aa
540 2577 706 2648 splendidam

87 2656 100 2696 s
142 2647 201 2696 sine
209 2649 294 2719 ripere,
306 2650 364 2703 sine
374 2648 470 2713 labere,
486 2650 566 2704 vitam
577 2651 697 2717 dictitas,

234 2740 236 2744 “
248 2729 322 2792 paria
331 2721 472 2794 prddigens
483 2726 541 2778 med
550 2723 637 2779 bonu?
