2030 3022
315 230 487 284 LIBER
536 231 558 284 l.
797 232 816 288 Β

65 341 169 392 causam
180 336 310 408 querelae.
351 337 486 404 Quaedam
496 346 553 391 tum
564 337 649 410 stagni
661 338 758 395 Incola·

65 429 143 477 nunc,
157 412 254 484 inquit,
267 429 359 468 omnes
372 415 441 466 unus
451 415 539 466 exurit
549 411 631 478 lacus,

64 489 185 560 cogltque
195 486 305 542 miseras
315 486 388 542 arida
398 486 459 541 sede
468 487 561 542 emori.

66 561 198 628 Quidnlm
207 561 327 617 futurum
339 569 385 624 est,
398 563 524 630 sllcrearit
534 560 647 616 llberos‘.l

65 749 118 792 vn.
145 749 283 794 VULI'IS
312 750 358 793 An
389 749 585 793 PERSONAM
610 748 810 795 resumam.

100 851 246 914 Persenam
256 858 382 932 tragicam
393 857 457 912 lette
466 857 556 930 vulpis
566 858 680 914 viderat:

63 933 197 1006 Oqut'mla
206 934 314 1004 species,
329 934 424 1003 lnquit,
438 933 574 988 cerebrum
587 936 640 988 nen
650 933 741 988 habeti

101 1009 154 1063 Hoc
164 1007 218 1062 illis
229 1008 328 1062 dictum
339 1015 386 1070 est,
398 1008 498 1080 quibus
509 1009 634 1064 honorem
643 1016 668 1062 et
679 1007 790 1081 gltlriam

62 1083 166 1138 fortuna
177 1083 278 1149 tribuit,
290 1086 399 1138 sensum
410 1099 578 1138 communem
587 1082 705 1140 abstulit.

222 1271 287 1316 vm.
313 1272 434 1316 LUPUS
460 1273 506 1316 ET
532 1273 649 1316 cuuis,

102 1370 161 1447 Qui
171 1381 286 1452 pretium
296 1381 383 1436 meriti
393 1381 426 1435 ab
439 1381 566 1453 improbis
577 1380 714 1446 desiderat,

59 1458 103 1512 bis
113 1459 215 1528 peccat:
228 1455 365 1526 primum,
380 1457 506 1528 queniam
517 1455 640 1528 indignos
650 1457 770 1525 adiuvat3

61 1533 174 1603 impune
182 1531 254 1584 abire
263 1530 359 1586 delude
368 1531 431 1603 qula
442 1532 494 1586 iam
505 1533 557 1585 ntln
568 1537 661 1601 potest.

100 1605 137 1660 Os
147 1605 301 1661 devoratum
310 1605 384 1662 fauce
393 1624 479 1679 quum
488 1607 605 1660 haereret
614 1604 680 1676 lupi,

60 1679 578 1755 magnedolorevlctuscuepitslngulos
855 1693 866 1735 5

59 1755 170 1810 inlicere
178 1755 270 1826 pretio,
281 1764 312 1811 ut
321 1755 389 1810 lllud
398 1756 563 1810 extraherent
574 1753 686 1811 malum.

59 1830 181 1887 Tandem
191 1847 315 1902 persuasa
326 1838 364 1886 est
376 1830 544 1885 iureiurandc
553 1830 638 1904 gruis,

58 1904 195 1980 gulaeque
203 1903 311 1959 credens
321 1904 379 1960 culli
392 1904 593 1979 longitudinem,

57 1979 237 2053 periculosam
247 1978 308 2034 lecit
318 1979 475 2036 medicinam
487 1981 559 2052 lupo.

57 2058 110 2112 Pro
120 2057 175 2129 quc
186 2071 271 2126 quum
283 2062 387 2126 pactum
399 2054 524 2128 flagitaret
533 2054 695 2127 praemium:
841 2065 867 2108 tu

57 2133 166 2206 ingrata
176 2147 213 2194 es,
226 2129 321 2200 inquit,
333 2133 378 2185 cre
388 2148 456 2202 quae
466 2136 553 2186 nostre
563 2138 641 2200 caput

57 2205 195 2262 inctllume
204 2203 352 2269 abstuleris,
365 2209 389 2260 e't
399 2206 544 2260 mercedem
555 2204 679 2277 postules.

150 2395 154 2402 '
221 2391 267 2436 lx.
291 2393 431 2438 Passer
451 2393 499 2437 ΕΤ
525 2393 650 2437 LEI’US.

98 2495 164 2558 Sibi
176 2505 229 2558 ntin
239 2519 339 2568 carere,
352 2511 377 2557 et
386 2502 445 2557 aliis
453 2503 595 2557 consilium
606 2502 675 2567 darc,

54 2579 175 2634 stultum
185 2580 250 2643 esse,
261 2578 353 2650 paucis
361 2577 530 2632 ostendamus
541 2577 671 2632 versibus.

96 2653 265 2726 Oppressum
275 2653 308 2707 ab
319 2652 416 2724 aquila,
428 2651 503 2707 lletus
513 2651 632 2706 edentem
641 2669 735 2724 graves

55 2729 178 2801 leporem
187 2728 345 2800 cbiurgabat
355 2733 456 2798 passer:
479 2727 529 2782 Ubi
540 2725 679 2798 pernicitas
