2062 3020
332 186 570 242 ΑΡΡΕΝΒΙΧ
607 181 669 242 lv)
819 196 866 248 ⁴55

153 291 233 348 Stulti
242 293 306 348 adeo
315 301 378 347 sunt
387 295 603 365 saepe'homines,
617 305 645 350 ut
655 298 734 352 rebus
745 301 771 353 iu
783 303 845 354 artis

113 367 269 442 confugiant
278 368 311 422 ad
321 385 374 432 eos,
389 370 489 440 quibus
499 369 567 424 ultro
578 370 678 426 laedere
688 390 744 426 mos
758 383 805 428 est.

260 556 342 599 LXVI.
367 557 506 600 VULPES
529 558 574 600 ET
597 560 723 602 LARVA.

131 685 133 691 ⁸
151 653 238 716 Mimi
247 664 364 736 ingressa
374 661 582 734 domumvulpes
591 663 656 717 dum
663 666 769 740 singula
776 684 864 724 rerum

116 736 220 793 visendi
230 738 318 792 studio
327 755 419 792 scenae
428 739 602 792 iustrumenta
612 739 731 805 revolvit,

113 809 222 866 formosi
232 811 333 867 larvam
342 812 515 867 simulacrum
525 813 638 883 repperit
646 814 709 879 oris,

114 887 198 957 inque
207 904 303 940 manus
312 904 421 942 sumens
431 888 573 958 animoque
582 896 607 941 et
616 887 717 944 lumine
728 889 856 946 lustrans:

111 977 221 1032 nquam
232 961 337 1034 insigne
346 969 432 1033 caput,
444 962 530 1032 specie
539 979 630 1032 quam,
643 962 718 1029 dixit,
732 964 852 1032 honesta;
906 978 917 1021 5

112 1035 160 1090 sed
170 1035 278 1089 rationis
289 1037 365 1106 inops
375 1052 501 1108 cassoque
512 1035 622 1090 informe
632 1039 750 1093 cerebro!

150 1109 243 1165 Sordet
251 1110 334 1165 honos
343 1109 449 1174 formae,
462 1111 513 1164 nisi
524 1112 568 1164 cui
577 1113 704 1182 sapientia
715 1115 804 1169 iuncta
812 1124 860 1170 est.

318 1297 413 1340 nxvu.
442 1297 558 1340 CANES
581 1299 658 1341 DUO.

150 1399 236 1462 Canls
246 1406 305 1473 fuit,
320 1409 367 1480 qui
377 1411 492 1479 tempore
502 1407 595 1479 pluvio
607 1410 678 1464 domi

111 1499 140 1536 se
149 1483 306 1547 continebat,
320 1485 368 1537 nec
376 1483 470 1554 pedem
480 1501 633 1555 umquame
647 1483 747 1540 limine.

110 1558 287 1630 Interrogatus
298 1558 342 1611 hio
352 1559 385 1612 ab
396 1558 499 1629 aequali
509 1575 566 1622 suo,

111 1649 158 1686 cur
169 1632 197 1685 id
207 1631 313 1686 laceret:
335 1633 400 1704 Ego¹
415 1634 511 1703 lnquit,
524 1634 588 1686 alias
598 1632 699 1688 fervida

110 1705 233 1780 perfusus
244 1706 324 1771 unda,
338 1708 416 1760 timeo
427 1724 498 1761 nunc
508 1715 532 1760 et
542 1706 675 1779 frigidam.
903 1723 914 1766 5

148 1782 234 1835 Timet
243 1783 417 1846 innocentem,
430 1784 477 1852 qul
488 1789 621 1836 nocentem
632 1781 747 1852 pertulit.

226 1969 331 2012 LXVIII.
354 1971 491 2013 MULIER
513 1969 559 2013 ΕΤ
583 1970 749 2014 monicus,

146 2071 238 2154 Lippa
248 2081 312 2136 olim
323 2081 418 2136 mulier
427 2082 528 2137 medico
539 2080 685 2153 persolvere
695 2091 790 2138 certam

109 2155 256 2212 mercedem
264 2165 339 2228 pacta
348 2164 387 2210 est
397 2155 507 2227 depulso
516 2156 631 2229 denique
643 2157 744 2211 morbo.

107 2231 134 2286 ls
143 2230 299 2306 caligantem
310 2231 412 2304 quoties
423 2239 558 2286 curaverat
570 2249 675 2305 aegram

108 2314 234 2377 tempore,
245 2323 299 2377 quo
309 2305 374 2360 nihil
386 2306 426 2360 uti
435 2306 519 2361 oculis
529 2325 558 2362 ea
569 2307 663 2380 quibat
672 2309 796 2369 inunctis,
856 2353 861 2360 .

107 2382 187 2449 obvia
197 2397 318 2452 quaeque
327 2381 405 2435 domo
415 2381 520 2451 rapiens
530 2382 619 2436 exibat
627 2391 748 2438 onustus.
899 2395 910 2438 5

107 2457 217 2527 lamque
227 2455 367 2526 exportatis
377 2454 533 2526 spoliaverat
542 2457 666 2510 omnihus
676 2456 758 2520 illam,

106 2547 194 2602 quum
204 2529 270 2585 bene
278 2529 375 2584 habere
382 2528 452 2584 oculi
461 2529 618 2601 solitamque
627 2529 760 2583 admittere
769 2528 854 2585 lucem

106 2612 257 2676 coeperunt.
282 2605 350 2659 Tum
361 2605 469 2659 demum
479 2621 571 2675 operae
580 2603 731 2674 remedique
741 2604 856 2662 salubris

107 2677 253 2734 mercedem
264 2678 382 2733 medicus
392 2696 477 2751 quum
487 2684 610 2750 posceret,
623 2677 668 2731 illa
678 2693 814 2735 recusans:
