2054 3024
282 657 513 715 FLAVII
574 658 806 716 AVlANl

186 801 212 864 F
296 801 326 864 A
410 801 551 866 B.U
634 802 663 864 L
746 801 778 866 A
862 805 891 866 Ε

438 983 635 992 W

321 1135 340 1178 1.
369 1134 535 1179 RUs'rch
559 1134 606 1176 ET
631 1135 759 1180 suetis.
785 1112 787 1116 ’

115 1289 120 1296 ,
167 1234 278 1298 Rustica
288 1241 392 1298 deflenti
402 1259 483 1312 parvo
493 1242 625 1297 iuraverat
635 1241 709 1308 olim,

205 1319 232 1372 ni
242 1325 331 1382 tameat,
342 1317 434 1372 rabido
444 1317 516 1388 quod
525 1316 590 1371 foret
598 1333 656 1372 esce
666 1317 739 1389 lupo.

167 1392 296 1448 Credulus
306 1393 375 1447 hano
385 1409 474 1446 voeem
488 1391 568 1462 lupus
579 1391 671 1455 audiit,
683 1400 709 1446 et
718 1400 807 1448 manet
816 1394 889 1466 ipsas

204 1467 317 1540 pervigil
327 1475 386 1522 ense
396 1466 473 1531 fores,
486 1467 557 1520 irrita
568 1473 626 1521 vota
639 1483 743 1539 gerens.

112 1552 123 1592 5
167 1543 235 1597 Nam
245 1542 338 1597 lassata
348 1559 414 1612 puer
424 1541 506 1596 nimie
516 1540 560 1596 dat
569 1542 687 1596 membra
698 1542 794 1614 quieti3

203 1635 277 1688 spem
287 1634 394 1690 quoque
404 1617 500 1687 raptori
510 1616 618 1670 sustulit
626 1617 688 1670 inde
697 1616 790 1671 fames.

166 1692 243 1745 Hunc
252 1693 299 1746 uhi
309 1691 437 1746 silvarum
448 1698 605 1762 repetentem
615 1690 696 1746 lustra
709 1709 820 1746 suarum

204 1766 323 1821 ieiunum
333 1767 431 1822 coniux
441 1766 523 1820 sensit
532 1766 622 1820 adesse
634 1765 710 1836 lupa:

167 1857 222 1905 sur,
235 1841 331 1913 inquit,
343 1845 443 1896 nullam
452 1847 534 1911 refers
544 1846 575 1895 de
582 1858 653 1895 more
662 1845 792 1909 rapirmm,

112 1923 137 1966 1⁰
204 1919 330 1984 lanquida
341 1922 497 1984 consumptis
507 1921 551 1982 sed
562 1920 645 1970 trahis
655 1933 703 1969 ora
712 1914 805 1984 qenes?
817 1945 856 1956 —

165 1990 204 2045 Ne
214 1995 326 2053 mireris,
338 1991 382 2056 ait,
394 1995 525 2058 deceptum
534 1995 629 2060 {raude
637 1993 754 2058 malique

202 2070 250 2120 vim
259 2070 382 2120 miserum
391 2083 477 2120 vacua
486 2069 618 2120 delituisse
628 2070 699 2135 fuya.

165 2139 235 2194 Nam
245 2157 310 2208 quae
319 2145 427 2206 praeda,
438 2158 509 2208 royo,
522 2159 589 2210 quae
597 2157 655 2207 spes
664 2141 811 2207 continqere
818 2148 916 2207 posset,
1014 2145 1015 2164 ¹

203 2217 292 2282 iurqia
300 2219 411 2290 nutricis
421 2233 500 2284 quum
509 2219 573 2270 mihi
581 2218 660 2270 verba
670 2211 782 2268 darem?

111 2331 137 2374 15
165 2322 233 2376 Haeo
241 2321 293 2375 sibi
302 2315 461 2393 dicta'putet,
473 2341 553 2397 seque
562 2323 612 2378 hac
620 2323 685 2378 sciat
696 2327 750 2376 arte
758 2319 852 2384 notari,

202 2395 342 2452 femineam
352 2399 477 2471 quisquis
487 2398 597 2453 eredidit
606 2415 663 2452 esse
674 2396 762 2452 fidem.

300 2551 331 2595 11.
357 2552 496 2602 AQUILA
519 2553 568 2594 ΕΤ
593 2551 777 2596 TESTUDO.

164 2650 293 2712 Pennatis
303 2659 399 2712 avibus
408 2658 544 2730 quondam
553 2659 655 2713 testudo
665 2658 750 2714 locuta
762 2667 814 2713 est:

203 2731 226 2784 si
236 2731 298 2801 quis
307 2748 365 2785 eam
375 2731 509 2786 volucrem
518 2733 695 2788 eonstituisset
704 2733 790 2798 humi,
