2062 3020
223 235 271 290 142
409 231 558 287 FAERNI
585 229 797 290 Faucium·

336 401 388 444 XL.
414 403 614 446 DECEPTOR
638 404 685 446 ΕΤ
711 405 860 448 APoLLu

259 483 382 560 Quidam
391 493 465 558 o'iim,
478 501 508 549 ut
518 495 575 564 ipse
585 495 637 549 sihi
646 493 793 561 videbatur,
806 505 882 552 catus

221 568 407 640 absconditum
417 568 599 640 passerculum
610 571 692 624 mauri
702 575 792 624 teneus

221 642 255 697 ad
265 643 422 715 Delphicum
432 642 562 714 profectus
573 651 611 696 est
620 642 757 698 oraculum

221 717 272 771 hac
281 717 455 772 sciscitatione
465 717 573 772 lusurus
583 717 677 772 deum:

167 804 178 845 5
220 791 348 863 oApollo,
360 809 459 862 passer,
470 795 552 862 quem
562 809 644 846 manu
653 795 727 846 teneo
736 809 804 858 mea,

207 866 273 940 dic,
285 865 377 920 sedulo
387 882 441 930 oro,
455 869 534 921 vivus
545 874 592 931 est,
604 885 639 920 an
649 866 787 921 mortuus?

173 967 176 976 Α
220 941 249 995 Si
259 939 352 1011 Apollo
362 941 547 1012 respondisset,
560 941 637 995 iilum
647 943 745 1005 vivere,

220 1016 368 1085 compressa
379 1033 441 1069 eum
451 1015 565 1070 elisurus
576 1016 632 1086 ipse
642 1019 696 1069 erat
705 1033 787 1070 manu

221 1093 363 1160 statimque
372 1089 522 1160 prolaturus
532 1089 571 1143 iili
582 1093 731 1144 mertuum:

167 1175 191 1216 ro
222 1165 264 1218 siu
274 1167 409 1218 mortuum
419 1164 539 1229 dixisset,
552 1165 608 1235 ipse
617 1164 724 1218 dextera

220 1237 334 1309 proferre
345 1237 404 1293 laxa
415 1241 510 1293 vivum
523 1257 585 1293 eum
594 1239 752 1293 decreverat.

220 1313 271 1367 Sed
285 1301 379 1384 Apdlso
388 1313 517 1385 prudens:
539 1315 639 1378 Passer,
651 1313 748 1384 inquit,
760 1312 804 1366 hic
817 1321 891 1379 tuus,

220 1395 250 1442 ut
259 1389 313 1441 tute
325 1388 376 1452 vis,
388 1391 503 1443 etvIvus
513 1395 585 1442 estet
595 1391 726 1442 mortuus

257 1460 408 1517 Mortalium
418 1470 488 1516 tauta
499 1465 538 1516 est
546 1460 655 1528 malitia,
668 1470 698 1516 ut
708 1465 735 1516 sd
745 1462 825 1516 deum

166 1547 191 1589 15
221 1538 310 1607 ipsum
322 1537 481 1592 arbitrentur
489 1541 566 1609 posse
578 1537 802 1591 circumscribere.

304 1706 369 1750 XLI·
397 1707 498 1751 UXOR
522 1707 717 1752 SUBMERSA
741 1708 788 1751 ΕΤ
814 1709 884 1751 vlu.

256 1791 313 1854 Vir
323 1817 423 1854 mersae
432 1799 524 1854 uxoris
533 1799 624 1871 rapido
634 1807 746 1854 torrente
755 1798 866 1853 cadaver

219 1873 329 1929 adversa
338 1875 480 1945 quaerebat
490 1891 572 1946 aqua:
594 1891 675 1946 quem
685 1875 762 1928 turba
776 1891 882 1928 monere

220 1949 313 2002 institit
323 1949 473 2014 adcurrens,
485 1957 515 2003 ut
525 1958 660 2020 quaereret
670 1966 747 2003 amne
757 1947 882 2002 secundo.

219 2025 408 2096 Nequaquam,
425 2022 470 2078 ille
483 2024 585 2096 inquit:
607 2024 764 2088 musenim,
782 2023 847 2076 dum
858 2023 968 2088 viveret,

713 2114 782 2152 uxor

164 2183 175 2225 5
218 2179 272 2225 tam
282 2189 385 2226 morosa
397 2171 455 2236 fuit,
468 2180 521 2226 tam
532 2171 644 2226 aliorum
655 2189 758 2242 semper
767 2171 913 2225 abhorrens

219 2247 338 2300 moribus
349 2264 379 2300 ao
387 2245 470 2311 iactis,
482 2254 512 2302 ui
522 2265 594 2300 nunc
603 2263 710 2317 quoquo
721 2253 824 2300 mortua
834 2245 888 2300 labi

218 2321 311 2375 debeat
320 2320 484 2386 haud'aliteu
498 2339 579 2392 quam
590 2320 699 2384 adversa
708 2319 827 2375 fluminis
836 2320 922 2375 uuda.

255 2395 356 2451 Morosa
366 2402 391 2448 et
400 2395 499 2456 discors
509 2394 551 2450 vel
560 2403 662 2450 mortua
673 2395 758 2468 litigat
766 2411 844 2449 uxor.

358 2553 436 2596 XLII·
449 2549 575 2600 'FELES
600 2558 647 2600 ET
673 2556 826 2599 GALLUS.

257 2635 455 2714 comprensum
465 2645 527 2700 feles
538 2647 639 2720 gallum
650 2665 736 2718 quum
746 2648 847 2702 tradere
855 2649 943 2706 ventri

219 2716 307 2771 ieiuno
322 2716 406 2782 vellet,
419 2719 476 2772 iure
484 2729 515 2773 ut
524 2719 615 2776 fecisse
625 2722 709 2777 videri
