2030 3022
360 227 533 284 LIBER
583 229 635 285 111.
840 233 873 286 33

286 399 341 443 XV.
367 399 475 445 cams
501 401 547 446 AD
574 401 711 444 scitum.

158 499 233 562 Inter
242 507 354 579 capellas
364 513 434 582 agno
443 509 542 564 balanti
552 512 639 562 oanis:

118 581 209 647 stulte,
223 583 319 655 inquit,
330 600 415 652 erras3
437 601 490 639 non
500 582 592 638 esthic
601 584 683 637 mater
693 591 751 639 tua:

118 659 239 730 ovesque
248 662 396 732 segregatas
406 657 519 713 ostendit
530 655 632 730 procul.

119 734 180 788 Non
192 731 266 787 illam
275 749 383 806 quaero,
390 735 467 805 quaa,
478 750 564 805 quum
575 731 680 786 libitum
690 739 737 797 est,
748 733 869 806 concipit,

119 807 183 862 dein
193 810 278 879 portat
287 825 355 863 onus
366 808 487 880 ignotum
496 807 573 862 certis
584 807 731 871 mensibus,
915 819 926 860 s

119 882 267 937 novissime
275 881 425 955 prolapsam
435 881 547 937 effundit
556 881 700 949 sircinam3

118 974 215 1011 varum
226 956 309 1021 ssiam,
320 975 389 1030 quae
398 973 442 1012 mc
452 957 535 1012 mitrit
546 956 649 1012 admoto
660 956 747 1020 chere.

118 1030 277 1102 fraudttquc
286 1040 360 1086 natos
370 1031 443 1097 lacte,
457 1049 490 1087 na
499 1031 567 1086 desit
576 1031 653 1086 mihi.

119 1107 219 1161 Tamen
230 1105 275 1160 illa
285 1114 325 1160 est
333 1107 427 1178 potior,
439 1110 508 1180 quae
520 1115 544 1160 te
553 1107 661 1178 peperit.
701 1107 759 1162 Non
771 1107 805 1161 ita
815 1114 863 1162 ost.

119 1181 195 1236 Unde
205 1179 249 1234 illa
259 1181 345 1245 scivit,
358 1183 434 1254 niger
447 1197 479 1236 cn
490 1181 567 1236 albus
577 1179 714 1236 nascerer?
898 1190 924 1233 1⁰

118 1257 176 1328 Age
185 1257 270 1326 porro,
281 1255 386 1310 scisset:
408 1260 494 1328 quiam
504 1273 604 1311 crearer
614 1254 761 1318 masculus,

118 1327 278 1384 beneficium
288 1347 331 1384 ma
352 1348 417 1384 num
427 1335 491 1386 sane
501 1330 581 1385 natali
592 1329 671 1394 dedit,

117 1412 148 1459 ut
159 1406 322 1475 expectarem
332 1347 435 1460 {nium
447 1405 474 1459 in
485 1405 562 1460 horas
572 1404 706 1478 singulas!

118 1479 203 1534 Cuir‘rs
213 1485 326 1549 potestas
337 1479 410 1535 milla
421 1481 449 1535 in
459 1479 595 1554 gignendo
604 1478 661 1544 tuit,

115 1571 165 1607 cur
174 1553 267 1608 hiosit
275 1553 368 1626 potior,
383 1557 452 1626 quae
462 1555 569 1609 iacentis
579 1554 695 1608 miserita
706 1561 753 1618 est,
898 1565 923 1608 15

10 1655 12 1662 v
115 1626 276 1700 dulcemque
285 1637 378 1700 sponte
387 1633 500 1701 praestat
513 1627 739 1684 benevolentiam?

114 1703 189 1758 Facit
199 1710 318 1773 parentes
328 1703 440 1769 bonitas,
452 1722 505 1759 non
515 1703 666 1759 necessitas.

153 1777 200 1830 His
211 1775 389 1833 demonstrare
399 1779 484 1834 voluit
492 1787 581 1834 auctor
591 1777 722 1842 versibus,

112 1851 242 1906 obsistere
252 1851 371 1907 homines
382 1853 495 1928 legibus,
507 1853 607 1909 meritis
617 1854 685 1926 capi.

248 2039 315 2085 xvl.
340 2040 479 2084 elcana
504 2041 551 2085 ΕΤ
575 2039 732 2084 Noc'rUA.

152 2123 323 2186 Humanitati
333 2134 382 2206 qni
392 2149 421 2187 se
431 2149 483 2187 non
493 2132 679 2196 accommodat,

112 2205 272 2279 pleriimque
280 2223 378 2278 poenas
387 2208 485 2278 oppetit
494 2207 643 2279 superbiae.

152 2280 247 2336 Cicida
258 2282 382 2336 acerbum
393 2285 501 2337 noctuae
510 2281 660 2336 convicium

111 2355 233 2420 faciebat,
245 2355 337 2411 solitae
347 2358 447 2412 victum
458 2357 485 2411 in
497 2357 610 2412 tenebris
620 2359 754 2428 quatiere,

111 2432 232 2502 cavoque
242 2447 315 2486 ramo
324 2435 416 2502 cipere
425 2449 550 2487 somnum
562 2431 687 2486 intcrdiu.
908 2443 919 2484 5

111 2505 212 2578 Rogata
221 2514 269 2570 est,
283 2514 311 2560 ut
321 2510 422 2560 taceret.
462 2505 545 2562 Multo
555 2505 670 2561 validius

111 2577 226 2634 clamare
234 2579 328 2651 coepit.
368 2579 676 2652 liiirsusadmotiprece‚

112 2655 221 2708 accensa
231 2654 317 2728 magis
326 2661 375 2709 est.
414 2655 523 2721 Noctua,
535 2662 565 2710 ut
578 2654 642 2710 vidit
651 2655 703 2709 sibi

112 2727 220 2782 nulium
229 2731 287 2783 esec
296 2727 438 2792 auxilium,
450 2739 475 2784 et
486 2730 565 2784 verba
575 2735 706 2785 contemni
716 2745 773 2792 sua¹

149 2821 247 2875 Pasce.
268 2820 330 2875 Fae.
697 2815 716 2868 C
