2030 3022
197 168 230 222 26
351 164 524 220 Putnuni
552 165 573 220 F
579 163 792 220 ABULARUM

197 272 245 326 Hic
257 271 388 344 pertinere
396 271 431 326 ed
440 271 542 328 dimini
553 271 692 344 respondet
703 281 789 344 eaput,

196 355 222 401 et
230 346 403 402 avertendum
413 347 519 402 victima
530 346 688 419 perieulum.

197 420 245 476 iiie
254 425 342 476 autem
352 420 476 486 affirmat,
488 423 628 495 enniugem
639 439 696 476 esse
705 420 860 487 aduiteram¹

142 506 168 550 tt
196 504 222 550 et
233 495 354 551 insitivos
364 495 509 569 significari
522 496 630 551 liberos:

196 570 244 625 sed
253 571 353 642 expiari
364 573 441 642 pesse
454 571 546 625 maiori
556 571 650 625 hestia.

125 686 128 692 .
196 644 268 712 Quid
281 644 383 700 muita?
402 645 483 700 variis
492 645 623 700 dissident
634 644 778 708 sententiis,

197 720 368 792 hominisque
379 737 470 775 curam
480 723 543 775 nina
552 720 651 774 maiore
660 725 816 793 aggravant.

196 795 315 866 Aesepus
326 795 363 849 ibi
373 803 455 860 stans,
468 796 539 850 uiris
549 797 686 850 emunctae
695 811 784 856 senex,

142 879 168 923 15
198 874 290 925 natiue
303 870 381 924 verba
391 874 532 943 nimquam
541 871 585 925 eui
596 872 680 941 potuit
689 868 765 924 dare:

196 943 224 998 Si
234 948 373 1016 procurare
384 949 424 1000 vie
434 953 576 1010 ostentum,
587 945 691 1007 rustice,

196 1022 301 1083 uxeres,
314 1019 410 1091 iuquit,
423 1019 456 1075 di
467 1019 520 1075 tuis
530 1019 690 1092 pastiribus.

409 1226 450 1268 1v.
475 1225 571 1269 slntll
597 1224 729 1267 CAPUT.

233 1343 353 1405 Pendere
363 1350 396 1406 ad
407 1350 508 1406 lanium
521 1350 631 1424 quidem
642 1350 709 1404 vidit
718 1351 828 1404 simium

197 1427 263 1480 inter
274 1424 384 1480 relicuas
395 1429 493 1481 meroes
503 1434 582 1498 atque
590 1426 709 1497 opsinia.

196 1498 341 1567 Quaesivit,
353 1500 483 1572 quidnam
493 1501 611 1572 superet?
629 1500 698 1554 Tum
710 1498 797 1554 ianiits
807 1498 912 1554 iocans:

195 1573 283 1646 quale,
295 1575 391 1646 inquit,
404 1584 482 1647 caput
491 1585 538 1640 ast,
550 1574 609 1629 uti-s
619 1577 764 1646 praestatur
773 1591 861 1645 sapor.

141 1659 160 1714 t,
233 1648 354 1703 Ridiouie
363 1650 449 1724 magis
458 1651 508 1705 hoc
518 1649 632 1713 dictum,
648 1666 729 1720 quem
739 1664 808 1712 vere,
821 1649 948 1704 aestimo:

196 1723 304 1797 quaudo
314 1726 339 1777 et
348 1721 475 1780 formosos
484 1727 561 1795 saepe
571 1725 661 1778 inveni
672 1723 809 1794 pessimos,
872 1764 874 1768 .

195 1806 221 1852 et
230 1798 299 1869 turpi
310 1795 374 1852 iaeie
384 1797 482 1854 multos
492 1799 603 1872 eognovi
613 1799 736 1870 eptimos.

305 2003 332 2045 V.
356 2001 522 2046 AESOPUS
548 2003 596 2047 ET
623 2001 837 2048 PETULANS.

196 2119 344 2183 Suooassus
355 2129 389 2184 ad
399 2131 542 2202 perniciem
554 2129 650 2184 multos
661 2128 779 2185 devocat.

232 2203 334 2274 Aesopo
344 2203 454 2276 quidam
467 2204 588 2276 petulans
598 2203 712 2276 lapidem
724 2205 877 2276 impegerat.

195 2278 287 2342 Tanto,
300 2279 397 2350 inquit,
408 2279 514 2334 meliori
535 2265 629 2334 iissem
638 2278 734 2333 deinde
745 2277 875 2343 iilitiedit,

195 2351 233 2405 sic
242 2355 409 2424 presecutus:
431 2353 493 2408 Plias
504 2369 556 2409 non
566 2353 650 2409 habeo
659 2371 702 2407 ma
711 2352 830 2416 Hercule,

139 2435 152 2479 t
194 2425 324 2481 sedunde
332 2427 448 2499 accipere
457 2431 552 2499 pessis
565 2428 716 2484 monstrahti
726 2427 784 2482 tibi.
847 2421 862 2445 ’

195 2500 575 2574 Veniteeoedivesetpotens3
599 2501 794 2558 huiesimiiiter

195 2576 316 2649 impinge
325 2575 454 2647 lapidem,
466 2585 491 2631 et
500 2577 613 2650 dignum
625 2577 737 2649 aeoipies
744 2576 905 2649 praemium

195 2649 340 2704 Persuasus
352 2650 397 2706 iile
405 2649 473 2715 iecit,
485 2651 558 2723 quod
568 2652 684 2707 monitus
694 2649 758 2709 iuii:
