2030 3022
190 217 222 270 32
338 213 508 267 PHAEnur
542 212 783 268 FABULARUM

189 322 235 376 Lis
245 321 279 377 ed
289 319 375 376 iorum
386 317 495 374 deductu
510 327 557 384 est,
570 337 650 392 vespa
661 319 761 377 iudioe:

189 414 266 469 quae,
277 401 363 470 genus
373 403 517 464 utrumque
528 398 614 449 ndsset
624 413 709 467 quum
721 385 910 467 pulcherrime,

132 483 146 525 t
190 472 275 545 legem
285 471 390 524 duabus
402 469 469 522 hino
477 471 615 560 proposuit
625 471 757 541 partibus:

188 547 245 600 Non
259 545 446 600 inconveniens
456 547 560 634 po'rpus
572 553 597 598 et
608 562 654 616 par
665 549 703 599 est
713 545 791 630 polor,

189 622 216 674 in
227 620 340 675 dubium
353 618 463 691 piane
441 635 481 671 res
492 630 521 672 ut
532 619 622 674 merito
634 619 741 674 venerit.

188 695 239 750 Sed
251 699 284 750 ne
294 695 386 768 religio
397 697 482 765 peccet
493 693 648 764 imprudens
661 711 728 754 mea

188 770 261 826 ulvds
274 770 390 840 aecipite
401 776 426 822 et
436 767 501 822 ueris
512 785 579 839 opus
591 768 729 832 infirndite,

133 855 159 898 tu
189 849 238 899 ut'
228 863 261 900 ex
271 861 363 916 sapore
373 842 459 897 meliis
470 851 495 896 et
504 841 585 898 ior-nri
599 843 661 909 iuvi

189 919 222 974 de
231 925 294 991 quis
306 936 377 973 nunc
387 918 483 991 agitur,
491 923 585 972 auctor
596 886 690 972 hordm
701 925 832 990 upptreat.
913 937 916 944 ·

187 995 253 1048 Fuci
265 1002 398 1048 recusant:
419 993 514 1063 apibus
524 993 638 1048 conditid
650 993 741 1064 piaoet.

188 1069 263 1123 Tune
275 1072 281 1122 i
286 1068 318 1122 ila
330 1068 408 1122 taienr
419 1066 527 1138 prdtuiit
537 1071 706 1123 sententiam:

188 1143 315 1214 Apertum
326 1152 373 1204 est,
389 1142 451 1213 quis
463 1159 513 1196 non
526 1144 615 1212 pessit,
628 1151 673 1196 aut
682 1144 744 1215 quis
755 1141 852 1196 iecerit.

133 1228 158 1272 15
188 1219 351 1289 Quapropter
361 1217 456 1288 apibus
468 1215 581 1270 irueturn
594 1219 700 1272 restituti
714 1235 804 1272 suum.

224 1295 297 1348 Hanc
306 1293 488 1364 praeterissem
500 1289 615 1346 iebuiarn
626 1292 738 1357 silentiu,

186 1369 209 1422 si
219 1374 320 1441 paetum
332 1365 384 1421 fuci
395 1370 447 1421 ndn
461 1370 624 1421 recusassent
634 1366 722 1422 fidem.

336 1607 403 1652 XIV.
426 1607 591 1651 AESOPUS
625 1607 782 1654 LUDENS.
805 1669 810 1678 Ι

224 1731 372 1794 Puerdrum
386 1739 413 1793 in
424 1739 500 1793 turba
511 1737 621 1810 quidam
633 1737 766 1793 ludentem
780 1723 882 1794 dttieus

186 1815 318 1885 Aesdpum
331 1815 444 1868 nucibus
455 1819 540 1885 quirm
552 1813 669 1876 vidisset,
683 1815 786 1876 restitit,

186 1897 211 1943 et
223 1889 299 1961 quusi
311 1888 424 1942 delirum
436 1889 503 1942 risit.
543 1887 618 1953 Quod
629 1892 711 1942 sensit
722 1889 803 1943 simul

185 1963 286 2018 derisor
297 1964 392 2035 potius
404 1969 485 2035 quim
496 1962 655 2018 deridendus
665 1981 755 2028 senex

130 2049 141 2094 5
185 2043 275 2094 arcum
290 2048 421 2093 retensum
433 2038 538 2124 pdsuit
531 2056 557 2091 rn
573 2037 694 2092 medii
670 2057 726 2093 vra:

184 2115 265 2174 Heus
279 2114 375 2185 inquit
388 2113 508 2188 sapiens
515 2113 608 2183 expedi
619 2112 686 2184 qurd
697 2111 810 2166 fecerim

186 2188 324 2244 Concurrit
334 2188 459 2274 populus.
499 2171 545 2242 iile
555 2205 582 2241 se
596 2191 699 2258 torquet
711 2187 768 2252 diu,

185 2281 234 2318 uec
241 2264 403 2335 quaestionis
417 2264 630 2335 pdsitnecuusam
642 2261 743 2334 intellig
726 2262 773 2316 «rit.

184 2339 335 2392 Novissime
345 2339 504 2394 succumbit
544 2338 613 2392 Tum
624 2337 705 2391 vrotdr
714 2335 829 2408 sophus

129 2423 156 2466 ιο
186 2412 243 2468 Cito
253 2417 360 2484 rumpes
371 2431 471 2476 areum,
483 2416 587 2484 se'mper
596 2412 618 2465 si
632 2421 735 2466 tensum
747 2411 886 2490 hebueris·

185 2489 243 2541 atsi
260 2486 365 2551 luxaris,
378 2492 464 2575 qutun
476 2486 547 2542 voies
557 2487 606 2542 eru
616 2486 698 2540 utdrs

222 2561 267 2616 Sic
275 2561 357 2618 ludus
368 2565 456 2618 aninio
467 2562 543 2617 debet
553 2559 696 2632 aliquunde
705 2559 772 2624 dari

184 2634 218 2689 ud
228 2637 397 2704 odgitandum
407 2636 501 2692 melior
512 2643 542 2690 ut
551 2635 638 2690 redett
647 2635 706 2689 tibi.
