2062 3020
183 165 231 217 iio
369 159 518 215 FAERNI
545 158 739 214 FABULAE.

181 269 222 324 lbi
232 271 300 322 inter
309 268 374 322 alios
385 267 525 342 naufragos
535 276 560 323 et
569 268 648 337 simio

126 355 152 398 10
181 349 287 399 nauium
296 344 408 415 quidam
418 343 535 415 Delphus
546 343 689 398 adcurrens
699 359 762 398 eum

180 419 316 472 hominem
327 425 408 484 ratus,
419 436 502 473 mann
513 421 547 472 ex
555 419 706 490 propinquo
715 416 840 489 praebitn

180 493 262 548 undis
273 492 398 559 levatum,
412 511 446 548 an
456 493 522 547 civis
535 500 603 547 esset
612 493 723 557 Atticm,

182 566 293 640 rogdvit.
334 567 389 632 Ille,
402 585 430 622 se
440 571 498 622 esse
507 585 569 623 vern
579 575 604 622 et
613 567 696 622 nubili

181 659 245 698 sane
253 647 333 714 utque
342 641 411 697 claro
421 645 524 716 genere,
537 642 613 708 dixit,
626 641 737 696 editum.

126 728 152 770 15
180 717 271 784 Quum
282 717 376 772 deinde
386 726 411 772 et
421 719 449 771 in
459 717 596 771 Piraeeum
605 735 660 771 nna
670 717 753 771 issent
764 713 858 779 simul¹

181 793 352 848 notissimum
363 791 456 848 navale
466 790 678 856 Atheniensium,

96 880 97 883 ’
182 867 221 922 ibi
231 867 378 921 sciscitatus
387 866 505 940 Delphus
514 874 553 920 est
563 867 597 920 ab
607 867 695 932 simin,

182 945 304 996 nossetne
315 940 455 996 Piraeum?
472 941 621 995 Arbitraius
631 941 736 1004 simius,
783 981 789 994 .

181 1019 243 1071 edm
254 1033 345 1089 rogare
356 1015 389 1069 de
397 1016 506 1070 hnmine
515 1015 585 1071 claro
594 1016 730 1088 qudpiam,

126 1101 153 1144 20
182 1097 215 1156 et,
227 1094 313 1156 misse,
326 1090 403 1156 dixit,
415 1093 440 1144 et
449 1090 566 1145 sodalem
576 1107 632 1144 esse
641 1091 714 1145 hune
724 1107 815 1144 suum.

182 1166 268 1233 Quam
278 1166 312 1220 ob
322 1165 464 1220 vanitatem
474 1165 592 1236 Delphus
602 1165 639 1219 ira
652 1166 768 1237 pdmiins

104 1245 108 1248 ’
182 1248 240 1294 tum
250 1240 366 1311 denique
376 1239 453 1294 illum
462 1241 574 1294 bestiam
585 1243 730 1313 agnoscens
740 1239 807 1294 truci

183 1315 238 1370 saio
248 1314 427 1370 hauriendum
437 1313 615 1386 fluctibusque
625 1314 748 1368 reddidit.

219 1389 271 1456 Qui
282 1390 447 1445 mentiuntur
457 1389 632 1460 impudenter,
647 1390 677 1443 hi
687 1389 745 1444 suis

127 1475 153 1520 25
183 1464 298 1521 refellere
308 1465 359 1535 ipsi
369 1467 398 1519 sd
407 1464 492 1519 solent
502 1463 657 1519 mendneiis.

235 1669 365 1714 XXXVII·
388 1656 513 1712 RANAE
537 1671 640 1714 DUAE
666 1668 884 1714 SITIENTES.

181 1795 216 1858 In
226 1804 340 1858 simitate
349 1810 374 1856 et
383 1804 489 1857 stimma
499 1820 583 1874 aquae
592 1803 718 1875 paenuria

220 1880 299 1934 mnnd
309 1877 472 1950 vagabantur
485 1876 561 1942 duae,

181 1954 267 2008 sicubi
276 1951 415 2025 profundis
426 1952 576 2007 invenirent
585 1951 701 2008 vallibus

219 2027 322 2099 aliquid
333 2026 444 2098 liquoris
454 2026 545 2082 dbditi.

127 2112 140 2158 b
182 2103 309 2166 Tandem,
322 2109 423 2172 reperto
432 2105 511 2172 puteo
521 2119 590 2173 aqna
600 2099 687 2173 pleno,
703 2098 781 2154 ditem

219 2177 331 2232 sundere
340 2175 496 2230 descensum
507 2176 611 2230 institit.

182 2250 338 2306 prudentior
347 2251 393 2305 sed
406 2249 485 2305 ultera
495 2261 520 2306 et
530 2248 686 2306 consultior:

219 2325 243 2378 si
253 2327 301 2379 nds
311 2342 341 2378 eo
351 2324 525 2390 demittimus,

182 2407 207 2452 et
217 2399 255 2453 ihi
265 2416 382 2469 quoque,
395 2400 491 2470 inquit,
503 2399 575 2454 unda
586 2415 634 2453 nos
644 2396 773 2462 defecerit,

129 2484 154 2527 ιο
221 2477 338 2543 quondm
348 2473 426 2526 modo
437 2472 499 2528 inde
508 2471 661 2528 exibimus?

184 2579 355 2650 Negdtiornm
365 2580 442 2634 iubeo
452 2581 562 2650 spectari
572 2580 674 2634 exitum

221 2652 264 2716 ·'is,
276 2653 325 2724 qui
335 2653 457 2708 inchoare
468 2654 534 2724 quid
544 2653 646 2709 volunt.
