2062 3020
151 211 200 264 l62
335 207 486 262 FAERNI
514 206 707 264 FABULAE.

240 411 349 454 LXXIX.
377 411 537 456 eanum
558 411 606 454 ΕΤ
628 411 799 457 HlRUNDO.

187 515 295 578 Gallina
306 540 391 594 quum
402 525 529 595 serpe'ntis
539 541 588 579 ova
600 530 674 580 aucta
684 527 759 590 useel,

147 615 177 652 ea
187 598 326 670 diligenter
336 597 401 652 iuvit
410 606 488 670 atque
498 600 531 653 ab
542 600 575 654 iis
588 599 672 656 foetus

147 672 268 727 exclusit.
309 671 338 725 ld
348 674 540 743 praetervolans
549 681 578 729 eri
590 674 654 731 furta

147 747 264 802 hirundo
274 747 434 817 conspicite:
457 748 519 812 Cur,
532 752 576 814 ait,
589 751 706 816 dumetis,

92 833 105 876 5
147 822 196 876 hos
207 821 274 877 alere
284 821 379 885 tendis,
392 824 440 894 qui
451 823 497 877 ubi
507 822 676 890 adoleverint,
690 825 771 880 abste

147 901 246 968 tuuque
256 897 339 967 capite
349 897 474 951 iniuriam
483 899 709 969 auspicabuntur‘l

184 972 324 1026 Hominem
335 972 487 1043 improbum
495 975 633 1044 promuris,
645 975 702 1044 ipse
714 981 739 1028 te
748 975 852 1028 &vertet

233 1175 330 1220 LXXX.
354 1175 469 1220 cANEs
493 1177 562 1219 DUO
586 1175 631 1218 ET
655 1177 802 1226 GOQUUS.

187 1278 318 1354 Quidam,
330 1289 460 1360 huspitem
472 1289 637 1360 adempturus,
650 1289 713 1342 huic
722 1289 877 1343 convivium

148 1362 250 1417 lautum
260 1363 374 1433 profusis
384 1363 526 1434 udparabat
535 1362 652 1418 ie'roulis.

148 1437 228 1492 Canis
238 1455 345 1510 quoque
355 1438 421 1503 eius,
434 1442 519 1510 quum
530 1456 611 1493 suum
620 1436 756 1509 aequalem
766 1454 858 1492 eanem

147 1517 271 1576 vocdsset,
285 1514 313 1567 in
323 1513 441 1568 culinam
452 1513 561 1567 herilem
572 1512 699 1583 subsequi

92 1598 104 1640 5
147 1603 175 1640 se
186 1586 272 1641 iussit.
312 1589 336 1641 ls
347 1596 399 1641 tam
411 1587 563 1658 splendidas
573 1592 692 1658 spectuns
706 1587 800 1656 dapes:

146 1663 244 1732 papae!
265 1669 338 1733 quot,
351 1662 448 1734 inquit,
460 1662 505 1715 hic
514 1661 661 1732 voluptates
672 1661 768 1716 novael

146 1738 277 1808 quantum
288 1745 392 1807 repente
400 1736 492 1809 gaudii
503 1734 621 1790 oblatum
631 1738 670 1790 ust
682 1735 762 1788 mihil

147 1829 229 1882 quam
240 1809 321 1865 multa
333 1811 409 1866 video
418 1815 554 1883 quumque
564 1811 652 1881 opima
662 1809 772 1863 furcula!

146 1903 262 1957 quorum
272 1887 392 1941 umninm
403 1887 456 1940 iam
468 1884 597 1957 implubor
606 1893 631 1938 et
641 1883 749 1955 pulchre
759 1891 832 1938 satur

92 1971 117 2012 tu
146 1959 243 2015 famem
254 1961 378 2017 universo
387 1962 437 2016 hoo
449 1960 536 2015 triduo
547 1976 599 2013 non
610 1959 734 2013 suntiaml

146 2036 214 2090 Haec
223 2054 310 2108 quum
321 2036 364 2091 ille
374 2054 465 2090 secum
476 2035 584 2108 agituret
593 2042 618 2088 et
628 2032 739 2088 caudam
749 2033 830 2089 simul

146 2115 255 2166 moturet
265 2109 375 2164 alacrem
386 2110 561 2174 ludibundus,
573 2113 662 2182 utpote

145 2184 234 2239 iavure
245 2183 329 2238 fidens
339 2189 386 2256 qui
398 2187 525 2240 vocatoris
535 2183 578 2238 sui

146 2261 200 2313 iam
211 2258 334 2312 delicatas
344 2263 390 2330 spu
402 2262 545 2316 voravissut
555 2259 644 2330 dapes,

92 2344 117 2386 15
147 2349 250 2404 eoquus
259 2332 332 2386 huna
341 2343 444 2403 repente
454 2335 567 2405 pe'dibus
578 2333 716 2404 adreptum
726 2330 803 2404 gravi

146 2406 234 2458 emisit
243 2405 307 2460 altas
319 2409 366 2476 pur
380 2407 503 2461 fenestras
513 2412 623 2479 impetu.

147 2478 198 2542 Qui
210 2479 329 2532 adflictus
341 2488 418 2550 atque
428 2483 545 2549 perditus
555 2481 630 2545 flens
643 2478 747 2534 ululans

146 2566 233 2620 quum
244 2553 325 2605 abiret
335 2553 405 2616 inde,
419 2553 482 2607 huie
490 2554 558 2608 alius
567 2557 707 2609 occurruns
717 2553 800 2618 canis,

147 2630 177 2674 ut
186 2625 292 2692 opipare
300 2630 408 2679 cenatus
418 2634 492 2690 esset,
504 2629 627 2698 quaesiit.

94 2705 120 2746 aa
149 2694 225 2755 Sane,
239 2698 327 2765 inquit
337 2697 390 2758 ille,
403 2703 456 2751 tum
468 2701 577 2756 madens
586 2710 665 2772 atque
674 2701 765 2754 ubrius

50 2909 170 2958 A
