1898 2962
148 169 195 220 108
341 164 476 219 AVIANI
504 161 700 219 FABULAE.

146 273 258 327 Molliter
267 271 378 328 affixum
389 272 500 326 traheret
510 289 596 342 quum
605 272 697 326 saucia
707 271 800 337 telum,

92 360 117 402 tt
185 348 308 417 atrepida
319 347 400 401 fertur
410 347 490 418 vulpe
500 354 597 400 retenta
607 345 668 413 diu;

147 423 212 477 dum
224 429 295 493 rogat
305 422 376 475 uude
387 422 459 485 foret,
471 422 519 493 qui
529 421 591 475 talia
603 420 714 474 vulnera
724 418 812 484 ferret,

184 504 229 550 aut
239 496 349 549 ubinam
362 496 476 549 iaculum
487 496 633 550 delituisset
644 513 736 568 agens

148 571 194 625 Illa
204 587 321 642 gemens,
335 569 467 641 fractoque
478 571 550 642 loqui
562 571 608 624 vix
619 587 761 624 murmure
770 571 857 642 eoepit,

185 662 247 698 nam
258 644 347 697 solitas
358 662 434 698 voces
445 645 482 698 ira
493 645 619 716 dolorque
629 645 712 715 rapit:

93 730 118 772 15
147 723 222 773 nulla
232 723 334 787 quidem
346 724 428 772 medio
442 726 559 773 convenit
570 725 598 774 in
607 737 702 788 appare
711 726 813 788 sormo;

185 811 301 862 quaeque
310 798 393 847 ocutis
403 798 464 847 olim
473 799 508 847 ait
516 800 654 861 repetenda
666 800 746 862 maim

146 873 192 922 sed
202 885 288 930 eruor,
300 878 324 921 et
333 872 429 922 validis
440 874 467 922 tn
476 886 515 921 ma
526 878 644 922 contorta
653 872 763 923 lacertis

185 947 320 997 ostendunt
329 946 441 1011 aliquem
452 946 503 997 telo
510 947 591 1012 fuisse
600 949 694 997 etrum.

147 1052 227 1105 Bruta
238 1052 296 1105 lieet
305 1051 404 1105 soleant
414 1050 537 1105 animalia
548 1051 605 1105 iure
614 1051 711 1116 timeri,

92 1135 118 1178 2⁰
185 1127 310 1180 omnihus
320 1134 358 1179 est
367 1125 420 1179 illis
430 1126 492 1197 plus
502 1125 660 1180 metuendus
670 1125 762 1180 homo.

298 1264 388 1307 xvrll.
412 1264 572 1309 IUVENCI
596 1266 642 1308 ET
668 1266 745 1308 LEO.

149 1344 273 1421 Quatuor
283 1356 420 1409 immensis
431 1357 566 1428 quondam
576 1375 623 1429 per
632 1365 706 1428 prata
719 1357 839 1413 iuvencis

185 1429 266 1484 fertur
276 1431 404 1484 amicitiae
414 1439 483 1485 tanta
494 1431 576 1486 fuisse
586 1432 659 1496 fides,

148 1513 177 1559 ut
186 1505 267 1560 simul
278 1505 388 1559 emissos
398 1506 489 1560 nullus
499 1506 634 1561 divelleret
643 1525 725 1571 error,

185 1598 279 1634 rursus
289 1589 314 1634 et
325 1598 339 1633 o
348 1588 425 1650 pastu
435 1582 512 1635 turba
523 1581 618 1636 rediret
627 1599 731 1636 amans.

93 1664 104 1707 ⁵
147 1656 199 1709 Hos
210 1672 317 1727 quoque
326 1655 425 1709 collatis
436 1656 502 1710 inter
514 1673 542 1709 se
555 1655 680 1710 oornibus
690 1656 787 1730 ingens

184 1728 281 1783 dieitur
291 1731 317 1783 in
327 1729 402 1783 silvis
413 1732 580 1800 pertimuisse
589 1730 641 1793 leo;

146 1803 212 1858 dum
223 1812 310 1858 metus
318 1804 431 1858 oblatam
440 1807 562 1875 prohibet
571 1813 669 1859 tentare
679 1806 811 1876 rapinam,

184 1886 209 1933 et
219 1879 366 1934 coniuratos
375 1879 461 1933 horret
471 1880 543 1933 adire
552 1881 643 1935 boves.

147 1954 180 2006 Et
190 1955 315 2024 quamvis
325 1953 421 2017 audax,
434 1953 561 2026 factisque
571 1954 712 2008 immanior
722 1961 799 2020 esset,

93 2037 118 2079 10
184 2035 317 2092 tantorum
327 2029 399 2082 solus
409 2029 512 2083 viribus
523 2031 608 2100 impar
618 2037 680 2083 erat.

147 2103 270 2156 Protinus
281 2103 432 2176 aggreditur
442 2105 531 2175 pravis
543 2105 662 2158 insistere
673 2103 771 2168 verbis,

185 2176 306 2231 oollisum
317 2179 426 2248 cupiens
435 2179 575 2234 dissociare
584 2196 675 2250 pecus.

147 2251 180 2304 Et
188 2259 329 2322 postquam
339 2254 416 2306 dictis
426 2255 528 2309 animos
538 2253 669 2307 disiunxit
678 2252 789 2318 acerbis¹

185 2326 282 2379 invasit
293 2328 420 2381 miserum
430 2329 594 2400 diripuitque
603 2345 721 2401 gregem.

93 2411 118 2453 ,5
147 2401 461 2471 Tuncquidamexillis:
488 2406 811 2471 Vitomaaronrequietom

184 2480 231 2544 qui
241 2481 318 2543 cupit,
330 2494 364 2530 aaa
373 2487 464 2532 nostro
473 2483 572 2531 discere
581 2487 662 2531 morta
668 2485 761 2545 pateat.

131 2584 222 2641 Nemo
232 2586 258 2641 ei
259 2593 287 2642 to
297 2586 420 2644 admotas
434 2588 527 2644 verbis
536 2584 681 2639 iniiae'iuus
688 2599 768 2634 aures

158 2659 292 2737 impleat,
306 2675 356 2724 aut
369 2674 496 2724 veterem
505 2663 617 2719 deserat
626 2663 690 2711 aute
700 2651 809 2704 iidem.-
