2054 3024
292 193 530 249 APPENDIX
567 194 621 248 ΙΙΙ,
781 189 830 248 407

195 364 262 409 XVI.
290 364 460 414 QUERCUS
484 365 532 408 ET
557 365 715 410 ARUNDO.

79 447 225 512 Montibus
235 474 250 510 e
261 457 374 510 summis
384 455 509 526 radicitus
520 466 592 512 cruta
602 473 716 530 quercus

118 531 223 597 decidit,
236 533 323 586 insani
333 531 439 586 turbine
449 533 516 586 victa
527 533 592 586 noti.
656 559 660 568 ·

79 605 167 672 Quam
178 607 288 660 tumidis
299 607 389 660 subter
397 606 538 660 decurrens
548 605 639 660 alveus
653 605 732 660 undis

117 681 237 752 suscipit,
252 688 277 734 et
286 680 368 735 lluvic
378 682 562 752 praecipitante
571 682 648 752 rapit.

79 756 180 811 Verum
191 754 238 808 ubi
248 755 361 809 diversis
371 755 515 825 impellitur
524 755 606 810 ardua
617 756 690 826 ripis,

116 830 146 883 in
157 829 263 902 fragiles
272 829 386 884 calamos
396 830 496 903 grande
506 830 601 884 resedit
610 847 688 884 onus.

78 904 164 968 Tunc,
176 904 215 957 sic
224 905 321 977 exiguo
329 913 483 958 connectens
494 905 589 975 cespite
600 923 696 970 ramos,

117 979 238 1043 miratur,
251 978 360 1050 liquidis
370 979 443 1050 quod
452 986 501 1033 stet
510 979 612 1034 arundo
622 979 706 1034 vadis.
786 1047 789 1052 Ι

78 1053 112 1108 Se
121 1067 231 1125 quoque
240 1061 293 1108 tam
304 1061 376 1108 vasto
387 1053 500 1108 necdum
511 1055 652 1109 consistere
661 1062 763 1119 trunco,

117 1136 158 1181 ast
169 1127 242 1182 illam
253 1129 325 1182 tenui
335 1129 428 1182 cortice
438 1127 503 1182 ferre
513 1129 609 1182 minas.

77 1201 196 1257 Stridula
207 1220 268 1256 mox
278 1201 375 1257 blando
384 1203 522 1274 respondet
532 1221 615 1258 canna
625 1221 743 1267 susurro,

116 1295 198 1348 seque
208 1277 293 1350 magis
305 1285 387 1331 tutam
397 1277 528 1331 debilitate
537 1277 620 1332 docet.

79 1353 119 1406 Tu
128 1356 242 1416 rabidos,
255 1352 351 1422 inquit,
362 1361 450 1406 voratos
461 1369 603 1422 suevosque
610 1354 740 1420 procellas

116 1431 234 1495 despicis,
246 1436 270 1480 ct
280 1431 340 1480 totis
348 1429 448 1481 uiribus
457 1436 518 1481 actu
529 1433 594 1481 ruis.

77 1501 124 1556 Art
136 1519 182 1570 epo
190 1511 323 1570 curpcntes
329 1504 470 1569 paullatim
480 1506 599 1556 demoror
608 1510 720 1563 uuslros,

116 1583 140 1629 et
152 1579 270 1644 quumvis
280 1579 376 1630 leuibus
383 1580 495 1644 prouida
505 1580 566 1630 cedo
576 1581 650 1632 uotis.

78 1651 110 1703 In
120 1655 446 1720 ruuprueruptucoffenuu
456 1654 670 1713 recordaturum,

114 1727 225 1777 motibus
232 1741 302 1778 aura
311 1729 374 1779 meta
387 1728 522 1795 ludificata
528 1730 605 1794 perit.

77 1832 145 1884 llaec
157 1847 206 1885 nos
215 1830 283 1885 dicta
294 1841 400 1886 monent
410 1833 647 1906 magnisobsistcre
661 1831 766 1886 frustra,

114 1904 306 1977 paullatimque
315 1915 400 1960 truces
411 1925 568 1979 exsuperare
578 1908 674 1962 minas.

196 2069 273 2113 xv11.
297 2068 474 2112 qun'roie
497 2069 546 2112 ΕΤ
571 2069 705 2112 Tlakls.

75 2153 208 2224 Venator,
221 2159 314 2214 iaculis
325 2160 397 2214 haud
406 2160 479 2215 irrita
491 2160 599 2216 vulnera
613 2169 746 2233 torquens,

113 2234 237 2289 turbabat
247 2235 350 2306 rapidas
360 2253 407 2306 per
418 2253 467 2289 sua
480 2234 561 2290 lustra
572 2235 648 2290 ieras.

76 2311 146 2364 Tum
156 2309 260 2380 pavidis
271 2310 358 2364 audax
368 2310 477 2381 cupiens
489 2327 640 2364 succurrere
650 2309 726 2384 tigris

114 2383 221 2440 verbere
230 2392 372 2438 commotas
381 2385 460 2439 iussit
472 2383 561 2439 adesse
571 2385 667 2439 minas.

75 2458 122 2513 Ille
132 2466 218 2512 tamen
230 2458 305 2513 solito
315 2467 489 2531 contorquens
500 2458 549 2513 tela
560 2459 662 2521 lacerto,

112 2551 181 2588 nuuc
192 2537 245 2597 tibi,
258 2537 344 2603 qualis
353 2552 433 2598 uum,
444 2539 555 2588 aruncius
564 2540 611 2588 istc
620 2537 711 2602 refert,

74 2615 101 2662 et
110 2606 191 2662 simul
201 2608 298 2662 emisso
310 2609 441 2663 transiecit
450 2608 550 2663 viscera
559 2606 635 2672 leno,

112 2682 320 2756 perstrinxitque
329 2683 393 2738 citos
403 2683 477 2737 hasta
487 2691 594 2738 cruenta
604 2681 694 2753 pedes.
