2062 3020
215 224 263 276 ⁴28
400 220 549 274 FAERNI
580 219 773 274 FABULAE.

212 344 354 400 quumque
362 327 450 382 labore
459 329 606 400 vincatque
619 327 718 382 iniusto
726 327 844 400 pondere
856 345 968 400 pressus
1024 363 1025 400 p

212 402 349 457 abiecisset
359 420 436 467 onus,
449 401 513 456 solis
523 401 669 474 deprensus
679 402 706 456 in
722 403 794 457 arvis
1024 403 1025 414 ¹

156 485 169 529 5
212 485 323 532 mortem
333 476 499 548 implorabat,
513 484 625 530 mortem
634 494 711 547 saepe
720 493 765 531 ore
774 477 869 533 ciebat.

211 552 278 604 Ecce
287 559 374 606 autem
386 551 450 605 huie
458 551 531 605 dirae
540 552 640 622 species
650 569 679 604 se
687 551 787 622 pallida
797 552 890 607 Mortis
1024 597 1025 622 p

211 625 307 680 obtulit
316 633 350 691 et,
362 625 464 697 siquid
474 625 559 690 vallet,
571 633 673 697 praesto
683 643 749 690 esse,
761 625 879 697 pmlessa
887 635 937 682 est.
1024 667 1025 670 η

211 699 259 754 llle
269 708 340 755 metu
350 699 451 755 sudans
460 708 540 772 atque
552 701 580 754 in
591 700 720 755 contraria
730 717 824 754 versus

211 781 285 830 vota:
301 776 366 831 luva
376 793 428 840 me,
440 775 537 847 inquit,
548 782 621 848 tergo
629 775 702 829 huno
711 776 847 846 imponere
855 775 967 832 fascem!

156 892 182 935 lt
211 882 288 938 lllulti
307 884 441 938 absentem
456 883 554 938 audent
568 889 680 937 mortem
694 889 874 950 contemnere,
897 903 971 956 quae
1024 915 1025 944 r

710 975 773 1012 mex

210 1038 287 1087 terret
296 1049 348 1098 eos,
361 1033 431 1087 veris
441 1039 630 1104 repraesentata
638 1031 755 1104 periclis.

244 1219 288 1262 Xl.
313 1221 474 1269 MERGU&
500 1221 636 1270 RUBUS,
660 1221 927 1266 VESPERTILIO.
1024 1229 1025 1260 t

1019 1281 1025 1360 l

246 1315 415 1383 Mercaturae
423 1328 487 1383 olim
498 1329 571 1394 socii,
584 1347 647 1384 vasa
657 1347 737 1384 aenea
747 1346 866 1402 mergus,

211 1402 365 1457 vestimenta
375 1403 468 1469 rubus,
481 1411 622 1479 argentum
634 1402 737 1459 foenore
747 1411 887 1476 sumptum

209 1475 301 1542 bestia,
314 1495 383 1548 quae
392 1495 483 1532 mures
493 1479 560 1532 inter
571 1477 745 1550 volucresque
755 1478 865 1544 locatur,

208 1550 386 1620 contulerant;
408 1559 487 1624 atque
497 1553 540 1607 his
550 1561 655 1608 onerata
664 1553 797 1608 mercibus
808 1552 880 1619 alno,

154 1634 166 1678 Β
209 1626 268 1680 vela
278 1625 377 1682 dabant
387 1627 446 1682 laeti
457 1628 594 1682 minuente
602 1628 720 1699 pericula
730 1627 816 1684 lucro:

208 1717 295 1772 quum
305 1703 393 1757 subito
403 1702 513 1757 miseros
525 1703 650 1758 immanis
659 1701 872 1774 adortaproeella

208 1776 353 1830 vorticibus
363 1777 462 1848 rapidis
473 1778 563 1832 navim
573 1794 635 1831 oum
645 1777 778 1832 mercibus
788 1777 893 1832 hausit:

208 1849 259 1920 ipsi
269 1851 317 1904 udi
328 1860 407 1922 atque
417 1854 508 1922 inopes
519 1853 566 1907 vix
576 1851 700 1906 fluetibus
710 1858 860 1908 evaserunt.

207 1925 249 1978 Ex
259 1924 306 1980 illo
316 1943 424 1999 mergus
437 1944 563 1998 spumosa
572 1926 607 1981 ad
618 1926 692 1980 litora
702 1934 796 1991 servat,

153 2007 179 2050 10
208 1999 231 2052 si
241 2017 296 2070 qua
306 2001 378 2055 unda
388 2000 508 2056 adlidens
520 2019 569 2056 sua
579 2001 836 2072 reddatabaequora
846 2018 920 2056 vasa.
1024 2011 1025 2070 ξ

208 2072 293 2128 Obvia
303 2077 458 2132 vestimenta
469 2077 553 2131 rubus
563 2095 610 2148 per
624 2094 685 2131 rura
696 2084 850 2150 vagantum,
1024 2077 1025 2084 ’

207 2149 230 2201 si
241 2166 289 2202 sua
298 2148 363 2204 forte
373 2159 547 2225 recognoscat,
559 2152 651 2206 scabro
664 2169 755 2224 ungue
764 2157 884 2206 retentat.

207 2223 241 2277 At
251 2225 408 2294 vespertilio,
422 2226 500 2301 longo
510 2244 579 2300 quae
588 2234 703 2298 tempore
712 2225 789 2280 debet

206 2299 308 2369 argenti
318 2316 462 2366 summam,
475 2301 566 2373 spatiis
576 2301 744 2357 foenebribus
755 2307 868 2365 auctam,

152 2379 178 2422 15
206 2371 265 2427 luce
274 2372 399 2442 adpellari
410 2384 539 2442 metuens,
552 2376 619 2430 olam
629 2383 703 2431 noete
712 2382 835 2448 vagatur.

245 2445 342 2516 Sponte
355 2457 522 2505 revertuntur
531 2451 595 2505 vitia
606 2449 768 2517 intermissa;
790 2449 931 2522 malaeque

207 2519 305 2575 invitos
318 2520 401 2576 aufert
411 2541 459 2579 nos
468 2525 667 2580 consuetudinis
679 2531 777 2580 aestus.
1024 2525 1025 2536 ¹
