2030 3022
196 225 226 275 40
350 220 520 274 Puteum
550 219 785 275 FABULARUM

305 447 393 490 xvnl.
418 448 560 490 MULIER
585 447 832 492 Pau'rmtlurls.

195 545 285 611 Nemo
295 554 405 609 libenter
414 553 510 619 re'oolit‚
525 557 573 627 qui
583 555 664 619 laesit,
678 553 774 610 looum.

233 632 347 684 Instante
356 637 442 702 partu,
455 629 558 695 mulier,
572 630 634 685 actis
645 630 790 694 mensibus,

195 705 272 759 humr‘
282 705 388 769 iacebat,
401 703 500 758 flebiles
509 705 624 777 gemitus
636 708 718 759 ciens.

194 779 241 834 Vir
250 782 290 834 est
300 779 425 842 hortatus,
437 782 531 850 corpus
542 778 605 834 lecto
615 779 745 850 reciperet,

139 865 152 907 s
195 857 263 909 onus
273 862 380 908 naturae
390 852 485 907 melius
496 870 550 924 quo
559 853 706 925 deponeret.

195 928 313 992 Minime,
327 928 422 999 iuquit,
436 926 481 981 illo
490 931 567 999 posse
577 928 680 983 oonfido
691 926 746 982 iooo

196 1001 296 1059 mah'un
306 1001 387 1067 finiri,
399 1004 453 1074 quo
463 1012 617 1074 conceptum
627 1011 665 1057 est
676 1003 761 1059 initio.

327 1204 396 1248 xlx.
422 1206 531 1250 CANIS
556 1207 805 1252 PARTURIENS.

232 1321 343 1384 Habent
353 1329 463 1384 insidias
474 1331 590 1386 hominis
600 1332 742 1388 blanditiae
752 1331 828 1387 mali:

195 1422 262 1478 quas
273 1407 302 1459 ut
312 1404 435 1469 vitemus,
449 1409 542 1460 versus
550 1406 656 1463 subiecti
667 1415 783 1463 monent.

233 1479 313 1534 Canis
322 1480 471 1550 parturiens
481 1484 565 1552 qur'rm
575 1490 690 1554 rogasset
699 1481 816 1548 altorum,

194 1562 225 1608 ut
233 1553 315 1608 fetum
326 1555 353 1608 in
364 1555 421 1609 eius
431 1553 536 1627 tugurio
549 1555 696 1627 deponeret,

139 1639 152 1682 s
194 1627 437 1700 faoiletmpetravit.
463 1631 526 1685 Dein
538 1634 680 1702 reposcenti
690 1630 777 1686 locum

194 1707 284 1775 preces
295 1703 421 1768 admovit,
433 1707 537 1776 tempus
547 1711 657 1760 exortos
668 1705 755 1771 breve,

172 1815 177 1824 -
195 1777 260 1833 dum
272 1775 401 1832 firmiores
411 1777 509 1832 catulos
519 1787 605 1850 posset
615 1779 718 1834 ducere.

194 1852 249 1906 Hoc
258 1855 365 1924 quoque
375 1859 521 1918 oonsumto‚
533 1852 647 1926 flagitare
657 1853 771 1909 validius

194 1925 385 1998 oubr'leooepit.
424 1926 452 1981 Sr'
463 1925 530 1980 mihi
540 1937 565 1981 et
574 1929 665 1983 turbae
674 1945 746 1983 meae

141 2011 166 2054 ro
196 2017 253 2072 par,
268 2001 363 2073 tnquit‚
374 2018 431 2055 esse
441 2003 565 2072 potueris,
576 2002 666 2058 oedrim
678 2002 742 2058 looo.

255 2259 257 2264 ,
360 2205 416 2250 XX.
442 2207 559 2251 CANES
583 2207 770 2252 rumsulcr.

233 2321 354 2385 Stultum
364 2331 504 2386 eonsilium
514 2336 567 2388 non
578 2331 656 2386 modo
665 2331 756 2388 effectu
768 2343 846 2397 caret,

194 2404 241 2459 sed
250 2405 283 2460 ad
293 2405 434 2477 perniciem
445 2410 551 2479 quoque
561 2406 682 2462 mortales
692 2405 809 2462 devocat.

233 2479 340 2535 Corium
351 2479 504 2551 depressum
515 2481 543 2536 in
554 2481 634 2536 fluvio
645 2480 768 2536 viderunt
777 2498 865 2538 osnes.

194 2553 224 2606 Id
234 2556 263 2608 ὑὶ
272 2569 387 2609 comesse
396 2561 541 2611 extractum
550 2563 657 2628 possent
666 2554 778 2621 facilius,

139 2639 152 2681 5
196 2631 294 2699 aquam
303 2645 408 2700 coepere
417 2630 535 2685 ebibere:
557 2629 683 2701 sedruptt
692 2629 767 2702 prius
847 2653 853 2664 ·

194 2701 303 2774 periero,
315 2720 406 2777 quam,
419 2705 491 2777 quod
501 2704 636 2776 potierant,
649 2707 837 2779 oonttngerent.
